<?xml version="1.0" encoding="UTF-8"?>
<!DOCTYPE html PUBLIC "-//W3C//DTD XHTML 1.0 Transitional//EN"
    "http://www.w3.org/TR/xhtml1/DTD/xhtml1-transitional.dtd">
<html xmlns="http://www.w3.org/1999/xhtml" xml:lang="en" lang="en">
 <head>
  <title>
</title>
<meta http-equiv="Content-Type" content="text/html;charset=utf-8" />
  <meta name='ocr-system' content='tesseract 3.04.00' />
  <meta name='ocr-capabilities' content='ocr_page ocr_carea ocr_par ocr_line ocrx_word'/>
</head>
<body>
  <div class='ocr_page' id='page_1' title='image "./hfizischirze00dauluoft_0018.png"; bbox 0 0 1836 3129; ppageno 0'>
   <div class='ocr_carea' id='block_1_1' title="bbox 957 211 989 254">
    <p class='ocr_par' dir='ltr' id='par_1_1' title="bbox 957 211 989 254">
     <span class='ocr_line' id='line_1_1' title="bbox 957 211 989 254; baseline 0 0"><span class='ocrx_word' id='word_1_1' title='bbox 957 211 989 254; x_wconf 84' lang='lat'><strong>6</strong></span> 
     </span>
    </p>
   </div>
   <div class='ocr_carea' id='block_1_2' title="bbox 147 327 1726 2908">
    <p class='ocr_par' dir='ltr' id='par_1_2' title="bbox 217 327 1718 472">
     <span class='ocr_line' id='line_1_2' title="bbox 218 327 1718 389; baseline -0.003 -12"><span class='ocrx_word' id='word_1_2' title='bbox 218 331 388 388; x_wconf 79' lang='lat' dir='ltr'>„deriis</span> <span class='ocrx_word' id='word_1_3' title='bbox 421 331 584 374; x_wconf 77' lang='lat' dir='ltr'>nostris</span> <span class='ocrx_word' id='word_1_4' title='bbox 617 331 799 374; x_wconf 87' lang='lat' dir='ltr'>coelum</span> <span class='ocrx_word' id='word_1_5' title='bbox 825 329 949 389; x_wconf 88' lang='lat' dir='ltr'>pede</span> <span class='ocrx_word' id='word_1_6' title='bbox 985 337 1053 374; x_wconf 89' lang='lat' dir='ltr'>est</span> <span class='ocrx_word' id='word_1_7' title='bbox 1088 330 1392 384; x_wconf 83' lang='lat' dir='ltr'>calcandum3</span> <span class='ocrx_word' id='word_1_8' title='bbox 1436 345 1518 385; x_wconf 80' lang='lat' dir='ltr'>an,</span> <span class='ocrx_word' id='word_1_9' title='bbox 1557 335 1607 372; x_wconf 88' lang='lat' dir='ltr'>ut</span> <span class='ocrx_word' id='word_1_10' title='bbox 1630 327 1718 372; x_wconf 91' lang='lat' dir='ltr'>ho-</span> 
     </span>
     <span class='ocr_line' id='line_1_3' title="bbox 217 409 1477 472; baseline -0.002 -16"><span class='ocrx_word' id='word_1_11' title='bbox 217 414 393 469; x_wconf 82' lang='lat' dir='ltr'>„mines</span> <span class='ocrx_word' id='word_1_12' title='bbox 419 413 579 467; x_wconf 82' lang='lat' dir='ltr'>decet,</span> <span class='ocrx_word' id='word_1_13' title='bbox 616 412 854 456; x_wconf 81' lang='lat' dir='ltr'>conatibus</span> <span class='ocrx_word' id='word_1_14' title='bbox 882 412 983 454; x_wconf 88' lang='lat' dir='ltr'>finis</span> <span class='ocrx_word' id='word_1_15' title='bbox 1014 419 1082 455; x_wconf 86' lang='lat' dir='ltr'>est</span> <span class='ocrx_word' id='word_1_16' title='bbox 1108 412 1409 472; x_wconf 89' lang='lat' dir='ltr'>imponendus</span> <span class='ocrx_word' id='word_1_17' title='bbox 1424 409 1477 454; x_wconf 72' lang='lat'>2⁶⁶</span> 
     </span>
    </p>

    <p class='ocr_par' dir='ltr' id='par_1_3' title="bbox 216 492 1722 1041">
     <span class='ocr_line' id='line_1_4' title="bbox 350 492 1720 552; baseline -0.003 -15"><span class='ocrx_word' id='word_1_18' title='bbox 350 494 489 550; x_wconf 81' lang='lat' dir='ltr'>Quod</span> <span class='ocrx_word' id='word_1_19' title='bbox 514 508 699 538; x_wconf 87' lang='lat' dir='ltr'>carmen</span> <span class='ocrx_word' id='word_1_20' title='bbox 723 509 864 551; x_wconf 91' lang='lat' dir='ltr'>quum</span> <span class='ocrx_word' id='word_1_21' title='bbox 885 494 1102 552; x_wconf 89' lang='lat' dir='ltr'>princeps</span> <span class='ocrx_word' id='word_1_22' title='bbox 1127 494 1510 537; x_wconf 74' lang='lat' dir='ltr'>fortunatissimus</span> <span class='ocrx_word' id='word_1_23' title='bbox 1530 492 1720 550; x_wconf 86' lang='lat' dir='ltr'>legisset</span> 
     </span>
     <span class='ocr_line' id='line_1_5' title="bbox 217 572 1721 633; baseline -0.005 -12"><span class='ocrx_word' id='word_1_24' title='bbox 217 583 416 621; x_wconf 88' lang='lat' dir='ltr'>moestus</span> <span class='ocrx_word' id='word_1_25' title='bbox 442 577 531 619; x_wconf 90' lang='lat' dir='ltr'>ait:</span> <span class='ocrx_word' id='word_1_26' title='bbox 573 575 792 630; x_wconf 81' lang='lat' dir='ltr'>„Utinam</span> <span class='ocrx_word' id='word_1_27' title='bbox 825 591 914 633; x_wconf 86' lang='lat' dir='ltr'>ego</span> <span class='ocrx_word' id='word_1_28' title='bbox 944 590 1129 632; x_wconf 86' lang='lat' dir='ltr'>quoque</span> <span class='ocrx_word' id='word_1_29' title='bbox 1158 591 1315 618; x_wconf 79' lang='lat' dir='ltr'>versus</span> <span class='ocrx_word' id='word_1_30' title='bbox 1343 576 1498 618; x_wconf 82' lang='lat' dir='ltr'>facere</span> <span class='ocrx_word' id='word_1_31' title='bbox 1530 572 1721 616; x_wconf 85' lang='lat' dir='ltr'>didicis-</span> 
     </span>
     <span class='ocr_line' id='line_1_6' title="bbox 217 656 1720 716; baseline -0.005 -13"><span class='ocrx_word' id='word_1_32' title='bbox 217 674 337 714; x_wconf 84' lang='lat' dir='ltr'>sem,</span> <span class='ocrx_word' id='word_1_33' title='bbox 372 665 423 701; x_wconf 94' lang='lat' dir='ltr'>ut</span> <span class='ocrx_word' id='word_1_34' title='bbox 449 657 655 701; x_wconf 85' lang='lat' dir='ltr'>versibus</span> <span class='ocrx_word' id='word_1_35' title='bbox 681 664 788 716; x_wconf 82' lang='lat' dir='ltr'>apte</span> <span class='ocrx_word' id='word_1_36' title='bbox 824 657 1106 715; x_wconf 82' lang='lat' dir='ltr'>respondere</span> <span class='ocrx_word' id='word_1_37' title='bbox 1133 672 1313 716; x_wconf 90' lang='lat' dir='ltr'>possem</span> <span class='ocrx_word' id='word_1_38' title='bbox 1331 690 1342 711; x_wconf 81' lang='lat'>,</span> <span class='ocrx_word' id='word_1_39' title='bbox 1379 656 1461 700; x_wconf 91' lang='lat' dir='ltr'>sed</span> <span class='ocrx_word' id='word_1_40' title='bbox 1491 656 1578 698; x_wconf 88' lang='lat' dir='ltr'>erit</span> <span class='ocrx_word' id='word_1_41' title='bbox 1606 667 1720 696; x_wconf 84' lang='lat' dir='ltr'>unus</span> 
     </span>
     <span class='ocr_line' id='line_1_7' title="bbox 218 733 1719 797; baseline -0.003 -14"><span class='ocrx_word' id='word_1_42' title='bbox 218 755 274 784; x_wconf 84' lang='lat' dir='ltr'>ex</span> <span class='ocrx_word' id='word_1_43' title='bbox 310 740 418 782; x_wconf 85' lang='lat' dir='ltr'>filiis</span> <span class='ocrx_word' id='word_1_44' title='bbox 452 739 528 782; x_wconf 84' lang='lat' dir='ltr'>vel</span> <span class='ocrx_word' id='word_1_45' title='bbox 565 739 809 797; x_wconf 83' lang='lat' dir='ltr'><strong>nepotibus</strong></span> <span class='ocrx_word' id='word_1_46' title='bbox 844 739 980 793; x_wconf 86' lang='lat' dir='ltr'>meis,</span> <span class='ocrx_word' id='word_1_47' title='bbox 1024 739 1103 795; x_wconf 88' lang='lat' dir='ltr'>qui</span> <span class='ocrx_word' id='word_1_48' title='bbox 1134 738 1354 781; x_wconf 86' lang='lat' dir='ltr'>Ahmedo</span> <span class='ocrx_word' id='word_1_49' title='bbox 1394 733 1719 795; x_wconf 82' lang='lat' dir='ltr'>respondeat“.</span> 
     </span>
     <span class='ocr_line' id='line_1_8' title="bbox 216 816 1720 879; baseline -0.003 -15"><span class='ocrx_word' id='word_1_50' title='bbox 216 821 382 878; x_wconf 85' lang='lat' dir='ltr'>Itaque</span> <span class='ocrx_word' id='word_1_51' title='bbox 430 835 517 879; x_wconf 88' lang='lat' dir='ltr'>per</span> <span class='ocrx_word' id='word_1_52' title='bbox 565 820 722 863; x_wconf 82' lang='lat' dir='ltr'><strong>literas</strong></span> <span class='ocrx_word' id='word_1_53' title='bbox 764 819 965 863; x_wconf 87' lang='lat' dir='ltr'>Mirzam</span> <span class='ocrx_word' id='word_1_54' title='bbox 1014 818 1375 874; x_wconf 82' lang='lat' dir='ltr'>Emiranschah,</span> <span class='ocrx_word' id='word_1_55' title='bbox 1421 819 1497 862; x_wconf 81' lang='lat' dir='ltr'>vel</span> <span class='ocrx_word' id='word_1_56' title='bbox 1544 824 1595 861; x_wconf 87' lang='lat' dir='ltr'>ut</span> <span class='ocrx_word' id='word_1_57' title='bbox 1640 816 1720 859; x_wconf 88' lang='lat' dir='ltr'>alii</span> 
     </span>
     <span class='ocr_line' id='line_1_9' title="bbox 217 899 1722 960; baseline -0.003 -13"><span class='ocrx_word' id='word_1_58' title='bbox 217 902 404 957; x_wconf 79' lang='lat' dir='ltr'>dicunt,</span> <span class='ocrx_word' id='word_1_59' title='bbox 440 900 677 944; x_wconf 86' lang='lat' dir='ltr'>Chalilum</span> <span class='ocrx_word' id='word_1_60' title='bbox 703 901 903 944; x_wconf 86' lang='lat' dir='ltr'>Mirzam</span> <span class='ocrx_word' id='word_1_61' title='bbox 927 901 986 944; x_wconf 87' lang='lat' dir='ltr'>de</span> <span class='ocrx_word' id='word_1_62' title='bbox 1015 914 1233 960; x_wconf 84' lang='lat' dir='ltr'>responso</span> <span class='ocrx_word' id='word_1_63' title='bbox 1263 900 1507 944; x_wconf 85' lang='lat' dir='ltr'>reddendo</span> <span class='ocrx_word' id='word_1_64' title='bbox 1531 899 1722 942; x_wconf 83' lang='lat' dir='ltr'>adibant</span> 
     </span>
     <span class='ocr_line' id='line_1_10' title="bbox 219 983 786 1041; baseline -0.004 -14"><span class='ocrx_word' id='word_1_65' title='bbox 219 990 265 1027; x_wconf 89' lang='lat' dir='ltr'>et</span> <span class='ocrx_word' id='word_1_66' title='bbox 295 984 359 1026; x_wconf 86' lang='lat' dir='ltr'>ita</span> <span class='ocrx_word' id='word_1_67' title='bbox 384 983 664 1041; x_wconf 87' lang='lat' dir='ltr'>rescriptum</span> <span class='ocrx_word' id='word_1_68' title='bbox 692 987 786 1025; x_wconf 86' lang='lat' dir='ltr'>est:</span> 
     </span>
    </p>

    <p class='ocr_par' dir='ltr' id='par_1_4' title="bbox 218 1062 1722 1367">
     <span class='ocr_line' id='line_1_11' title="bbox 351 1062 1722 1122; baseline -0.001 -15"><span class='ocrx_word' id='word_1_69' title='bbox 351 1063 576 1119; x_wconf 83' lang='lat' dir='ltr'>„Collum</span> <span class='ocrx_word' id='word_1_70' title='bbox 617 1064 821 1122; x_wconf 82' lang='lat' dir='ltr'><strong>tempori</strong></span> <span class='ocrx_word' id='word_1_71' title='bbox 872 1063 1063 1106; x_wconf 89' lang='lat' dir='ltr'>iniuriae</span> <span class='ocrx_word' id='word_1_72' title='bbox 1112 1062 1327 1106; x_wconf 76' lang='lat' dir='ltr'>submitte</span> <span class='ocrx_word' id='word_1_73' title='bbox 1346 1096 1358 1118; x_wconf 72' lang='lat'><strong><em>⁷</em></strong></span> <span class='ocrx_word' id='word_1_74' title='bbox 1417 1078 1530 1107; x_wconf 86' lang='lat' dir='ltr'>neve</span> <span class='ocrx_word' id='word_1_75' title='bbox 1580 1067 1722 1121; x_wconf 85' lang='lat' dir='ltr'>caput</span> 
     </span>
     <span class='ocr_line' id='line_1_12' title="bbox 218 1145 1726 1205; baseline -0.002 -16"><span class='ocrx_word' id='word_1_76' title='bbox 218 1145 461 1202; x_wconf 82' lang='lat' dir='ltr'>‚‚retrahe‚</span> <span class='ocrx_word' id='word_1_77' title='bbox 503 1160 723 1205; x_wconf 85' lang='lat' dir='ltr'>magnum</span> <span class='ocrx_word' id='word_1_78' title='bbox 768 1145 889 1188; x_wconf 86' lang='lat' dir='ltr'>enim</span> <span class='ocrx_word' id='word_1_79' title='bbox 932 1145 1154 1188; x_wconf 86' lang='lat' dir='ltr'>sustinere</span> <span class='ocrx_word' id='word_1_80' title='bbox 1204 1160 1292 1188; x_wconf 90' lang='lat' dir='ltr'>non</span> <span class='ocrx_word' id='word_1_81' title='bbox 1338 1151 1492 1204; x_wconf 90' lang='lat' dir='ltr'>potest</span> <span class='ocrx_word' id='word_1_82' title='bbox 1537 1158 1726 1203; x_wconf 76' lang='lat' dir='ltr'>parvus,</span> 
     </span>
     <span class='ocr_line' id='line_1_13' title="bbox 218 1221 1722 1286; baseline -0.002 -16"><span class='ocrx_word' id='word_1_83' title='bbox 218 1228 404 1284; x_wconf 79' lang='lat' dir='ltr'>„Quare</span> <span class='ocrx_word' id='word_1_84' title='bbox 439 1227 643 1286; x_wconf 83' lang='lat' dir='ltr'>Simorgi</span> <span class='ocrx_word' id='word_1_85' title='bbox 682 1227 822 1269; x_wconf 88' lang='lat' dir='ltr'>instar</span> <span class='ocrx_word' id='word_1_86' title='bbox 858 1233 1060 1269; x_wconf 88' lang='lat' dir='ltr'>montem</span> <span class='ocrx_word' id='word_1_87' title='bbox 1104 1226 1206 1270; x_wconf 84' lang='lat' dir='ltr'>Kaf</span> <span class='ocrx_word' id='word_1_88' title='bbox 1237 1226 1486 1270; x_wconf 87' lang='lat' dir='ltr'>ascendere</span> <span class='ocrx_word' id='word_1_89' title='bbox 1525 1221 1722 1268; x_wconf 70' lang='lat' dir='ltr'>studes?</span> 
     </span>
     <span class='ocr_line' id='line_1_14' title="bbox 218 1305 1722 1367; baseline -0.003 -14"><span class='ocrx_word' id='word_1_90' title='bbox 218 1316 346 1364; x_wconf 85' lang='lat' dir='ltr'>„esto</span> <span class='ocrx_word' id='word_1_91' title='bbox 376 1308 621 1352; x_wconf 88' lang='lat' dir='ltr'>submissus</span> <span class='ocrx_word' id='word_1_92' title='bbox 646 1315 695 1350; x_wconf 90' lang='lat' dir='ltr'>ut</span> <span class='ocrx_word' id='word_1_93' title='bbox 724 1323 881 1367; x_wconf 87' lang='lat' dir='ltr'>passer</span> <span class='ocrx_word' id='word_1_94' title='bbox 907 1314 953 1350; x_wconf 89' lang='lat' dir='ltr'>et</span> <span class='ocrx_word' id='word_1_95' title='bbox 979 1307 1172 1350; x_wconf 85' lang='lat' dir='ltr'>demitte</span> <span class='ocrx_word' id='word_1_96' title='bbox 1200 1308 1294 1350; x_wconf 86' lang='lat' dir='ltr'>alas</span> <span class='ocrx_word' id='word_1_97' title='bbox 1322 1314 1367 1350; x_wconf 91' lang='lat' dir='ltr'>et</span> <span class='ocrx_word' id='word_1_98' title='bbox 1395 1322 1578 1365; x_wconf 87' lang='lat' dir='ltr'>pennas.</span> <span class='ocrx_word' id='word_1_99' title='bbox 1623 1305 1722 1349; x_wconf 81' lang='lat' dir='ltr'>Ex-</span> 
     </span>
    </p>

    <p class='ocr_par' dir='ltr' id='par_1_5' title="bbox 147 1389 1720 1529">
     <span class='ocr_line' id='line_1_15' title="bbox 147 1389 1720 1449; baseline -0.001 -16"><span class='ocrx_word' id='word_1_100' title='bbox 147 1398 200 1437; x_wconf 84' lang='grc'>17</span> <span class='ocrx_word' id='word_1_101' title='bbox 219 1391 375 1449; x_wconf 74' lang='lat' dir='ltr'>„pelle</span> <span class='ocrx_word' id='word_1_102' title='bbox 407 1396 561 1433; x_wconf 89' lang='lat' dir='ltr'>mente</span> <span class='ocrx_word' id='word_1_103' title='bbox 588 1396 665 1432; x_wconf 89' lang='lat' dir='ltr'>tua</span> <span class='ocrx_word' id='word_1_104' title='bbox 691 1389 995 1448; x_wconf 84' lang='lat' dir='ltr'>cogitationes</span> <span class='ocrx_word' id='word_1_105' title='bbox 1025 1390 1203 1444; x_wconf 77' lang='lat' dir='ltr'>inanes,</span> <span class='ocrx_word' id='word_1_106' title='bbox 1239 1405 1294 1432; x_wconf 89' lang='lat' dir='ltr'>ne</span> <span class='ocrx_word' id='word_1_107' title='bbox 1331 1396 1409 1432; x_wconf 85' lang='lat' dir='ltr'>tua</span> <span class='ocrx_word' id='word_1_108' title='bbox 1446 1403 1581 1432; x_wconf 87' lang='lat' dir='ltr'>causa</span> <span class='ocrx_word' id='word_1_109' title='bbox 1609 1402 1720 1432; x_wconf 88' lang='lat' dir='ltr'>cen-</span> 
     </span>
     <span class='ocr_line' id='line_1_16' title="bbox 219 1471 785 1529; baseline -0.002 -15"><span class='ocrx_word' id='word_1_110' title='bbox 219 1478 346 1528; x_wconf 83' lang='lat' dir='ltr'>„tum</span> <span class='ocrx_word' id='word_1_111' title='bbox 373 1472 517 1514; x_wconf 85' lang='lat' dir='ltr'>millia</span> <span class='ocrx_word' id='word_1_112' title='bbox 546 1471 785 1529; x_wconf 83' lang='lat' dir='ltr'>pereant.“</span> 
     </span>
    </p>

    <p class='ocr_par' dir='ltr' id='par_1_6' title="bbox 217 1550 1720 2423">
     <span class='ocr_line' id='line_1_17' title="bbox 349 1550 1720 1611; baseline -0.001 -16"><span class='ocrx_word' id='word_1_113' title='bbox 349 1552 453 1595; x_wconf 87' lang='lat' dir='ltr'>Hoc</span> <span class='ocrx_word' id='word_1_114' title='bbox 482 1567 750 1611; x_wconf 86' lang='lat' dir='ltr'>responsum</span> <span class='ocrx_word' id='word_1_115' title='bbox 781 1566 885 1595; x_wconf 86' lang='lat' dir='ltr'>cum</span> <span class='ocrx_word' id='word_1_116' title='bbox 921 1552 1109 1611; x_wconf 81' lang='lat' dir='ltr'>legisset</span> <span class='ocrx_word' id='word_1_117' title='bbox 1135 1550 1297 1594; x_wconf 86' lang='lat' dir='ltr'>Sultan</span> <span class='ocrx_word' id='word_1_118' title='bbox 1326 1551 1539 1606; x_wconf 80' lang='lat' dir='ltr'>Ahmed,</span> <span class='ocrx_word' id='word_1_119' title='bbox 1579 1551 1720 1594; x_wconf 90' lang='lat' dir='ltr'>intel-</span> 
     </span>
     <span class='ocr_line' id='line_1_18' title="bbox 217 1633 1720 1694; baseline -0.002 -17"><span class='ocrx_word' id='word_1_120' title='bbox 217 1635 366 1694; x_wconf 84' lang='lat' dir='ltr'>ligens</span> <span class='ocrx_word' id='word_1_121' title='bbox 394 1649 441 1677; x_wconf 84' lang='lat' dir='ltr'>se</span> <span class='ocrx_word' id='word_1_122' title='bbox 469 1634 514 1676; x_wconf 92' lang='lat' dir='ltr'>in</span> <span class='ocrx_word' id='word_1_123' title='bbox 546 1635 693 1677; x_wconf 91' lang='lat' dir='ltr'>latere</span> <span class='ocrx_word' id='word_1_124' title='bbox 728 1633 893 1676; x_wconf 82' lang='lat' dir='ltr'>montis</span> <span class='ocrx_word' id='word_1_125' title='bbox 924 1634 1160 1691; x_wconf 87' lang='lat' dir='ltr'>copiarum</span> <span class='ocrx_word' id='word_1_126' title='bbox 1194 1633 1417 1691; x_wconf 85' lang='lat' dir='ltr'>principis</span> <span class='ocrx_word' id='word_1_127' title='bbox 1451 1633 1720 1675; x_wconf 81' lang='lat' dir='ltr'>fortunatis-</span> 
     </span>
     <span class='ocr_line' id='line_1_19' title="bbox 219 1714 1720 1773; baseline -0.001 -15"><span class='ocrx_word' id='word_1_128' title='bbox 219 1716 320 1759; x_wconf 81' lang='lat' dir='ltr'>simi</span> <span class='ocrx_word' id='word_1_129' title='bbox 347 1714 464 1758; x_wconf 89' lang='lat' dir='ltr'>nihil</span> <span class='ocrx_word' id='word_1_130' title='bbox 491 1730 587 1759; x_wconf 89' lang='lat' dir='ltr'>esse</span> <span class='ocrx_word' id='word_1_131' title='bbox 612 1716 695 1758; x_wconf 91' lang='lat' dir='ltr'>nisi</span> <span class='ocrx_word' id='word_1_132' title='bbox 718 1715 936 1773; x_wconf 89' lang='lat' dir='ltr'>stipulam</span> <span class='ocrx_word' id='word_1_133' title='bbox 961 1720 1008 1757; x_wconf 79' lang='lat' dir='ltr'>et</span> <span class='ocrx_word' id='word_1_134' title='bbox 1033 1715 1230 1757; x_wconf 85' lang='lat' dir='ltr'>culicem</span> <span class='ocrx_word' id='word_1_135' title='bbox 1256 1715 1300 1756; x_wconf 93' lang='lat' dir='ltr'>in</span> <span class='ocrx_word' id='word_1_136' title='bbox 1328 1715 1523 1772; x_wconf 85' lang='lat' dir='ltr'>strepitu</span> <span class='ocrx_word' id='word_1_137' title='bbox 1546 1714 1720 1757; x_wconf 77' lang='lat' dir='ltr'>adven—</span> 
     </span>
     <span class='ocr_line' id='line_1_20' title="bbox 219 1795 1720 1855; baseline -0.001 -16"><span class='ocrx_word' id='word_1_138' title='bbox 219 1805 290 1840; x_wconf 87' lang='lat' dir='ltr'>tus</span> <span class='ocrx_word' id='word_1_139' title='bbox 323 1796 530 1852; x_wconf 84' lang='lat' dir='ltr'>Timuri‚</span> <span class='ocrx_word' id='word_1_140' title='bbox 571 1797 759 1855; x_wconf 85' lang='lat' dir='ltr'>fugam,</span> <span class='ocrx_word' id='word_1_141' title='bbox 805 1796 913 1853; x_wconf 87' lang='lat' dir='ltr'>quia</span> <span class='ocrx_word' id='word_1_142' title='bbox 948 1795 1082 1838; x_wconf 90' lang='lat' dir='ltr'>dictis</span> <span class='ocrx_word' id='word_1_143' title='bbox 1120 1796 1341 1854; x_wconf 86' lang='lat' dir='ltr'>principis</span> <span class='ocrx_word' id='word_1_144' title='bbox 1381 1795 1720 1854; x_wconf 85' lang='lat' dir='ltr'>prophetarum</span> 
     </span>
     <span class='ocr_line' id='line_1_21' title="bbox 218 1876 1719 1937; baseline -0.001 -16"><span class='ocrx_word' id='word_1_145' title='bbox 218 1879 367 1921; x_wconf 87' lang='lat' dir='ltr'>resisti</span> <span class='ocrx_word' id='word_1_146' title='bbox 407 1893 495 1921; x_wconf 89' lang='lat' dir='ltr'>non</span> <span class='ocrx_word' id='word_1_147' title='bbox 532 1884 710 1937; x_wconf 81' lang='lat' dir='ltr'>potest,</span> <span class='ocrx_word' id='word_1_148' title='bbox 755 1879 955 1936; x_wconf 81' lang='lat' dir='ltr'>eligenS‚</span> <span class='ocrx_word' id='word_1_149' title='bbox 990 1876 1220 1937; x_wconf 86' lang='lat' dir='ltr'>Bagdado</span> <span class='ocrx_word' id='word_1_150' title='bbox 1250 1878 1436 1926; x_wconf 77' lang='lat' dir='ltr'>relicto,</span> <span class='ocrx_word' id='word_1_151' title='bbox 1473 1878 1517 1919; x_wconf 93' lang='lat' dir='ltr'>in</span> <span class='ocrx_word' id='word_1_152' title='bbox 1546 1884 1719 1920; x_wconf 87' lang='lat' dir='ltr'>terram</span> 
     </span>
     <span class='ocr_line' id='line_1_22' title="bbox 220 1957 1720 2017; baseline -0.002 -15"><span class='ocrx_word' id='word_1_153' title='bbox 220 1959 509 2003; x_wconf 85' lang='lat' dir='ltr'>Graecorum</span> <span class='ocrx_word' id='word_1_154' title='bbox 536 1959 738 2003; x_wconf 86' lang='lat' dir='ltr'>recessit.</span> <span class='ocrx_word' id='word_1_155' title='bbox 789 1959 953 2015; x_wconf 86' lang='lat' dir='ltr'>Itaque</span> <span class='ocrx_word' id='word_1_156' title='bbox 982 1958 1173 2012; x_wconf 79' lang='lat' dir='ltr'>Thnur,</span> <span class='ocrx_word' id='word_1_157' title='bbox 1199 1957 1416 2017; x_wconf 81' lang='lat' dir='ltr'>Bagdadi</span> <span class='ocrx_word' id='word_1_158' title='bbox 1453 1958 1648 2017; x_wconf 81' lang='lat' dir='ltr'>imperio</span> <span class='ocrx_word' id='word_1_159' title='bbox 1675 1958 1720 2000; x_wconf 90' lang='lat' dir='ltr'>in</span> 
     </span>
     <span class='ocr_line' id='line_1_23' title="bbox 219 2039 1719 2098; baseline -0.002 -15"><span class='ocrx_word' id='word_1_160' title='bbox 219 2055 346 2084; x_wconf 86' lang='lat' dir='ltr'>suam</span> <span class='ocrx_word' id='word_1_161' title='bbox 394 2047 670 2098; x_wconf 79' lang='lat' dir='ltr'>potestatem</span> <span class='ocrx_word' id='word_1_162' title='bbox 715 2040 906 2083; x_wconf 84' lang='lat' dir='ltr'>redacto</span> <span class='ocrx_word' id='word_1_163' title='bbox 928 2072 939 2093; x_wconf 83' lang='lat'>‚</span> <span class='ocrx_word' id='word_1_164' title='bbox 993 2040 1088 2082; x_wconf 87' lang='lat' dir='ltr'>eius</span> <span class='ocrx_word' id='word_1_165' title='bbox 1136 2040 1478 2097; x_wconf 76' lang='lat' dir='ltr'>praefecturam</span> <span class='ocrx_word' id='word_1_166' title='bbox 1525 2039 1719 2081; x_wconf 81' lang='lat' dir='ltr'>tradidit</span> 
     </span>
     <span class='ocr_line' id='line_1_24' title="bbox 219 2117 1720 2176; baseline -0.002 -12"><span class='ocrx_word' id='word_1_167' title='bbox 219 2121 497 2165; x_wconf 82' lang='lat' dir='ltr'>Chodschae</span> <span class='ocrx_word' id='word_1_168' title='bbox 521 2122 691 2164; x_wconf 65' lang='lat' dir='ltr'>BIasud</span> <span class='ocrx_word' id='word_1_169' title='bbox 718 2121 944 2164; x_wconf 77' lang='lat' dir='ltr'>Serbedal</span> <span class='ocrx_word' id='word_1_170' title='bbox 966 2117 1069 2174; x_wconf 55' lang='grc' dir='ltr'>ι33],</span> <span class='ocrx_word' id='word_1_171' title='bbox 1107 2121 1185 2176; x_wconf 87' lang='lat' dir='ltr'>qui</span> <span class='ocrx_word' id='word_1_172' title='bbox 1216 2128 1314 2163; x_wconf 81' lang='lat' dir='ltr'>erat</span> <span class='ocrx_word' id='word_1_173' title='bbox 1341 2119 1614 2163; x_wconf 76' lang='lat' dir='ltr'>Chodschae</span> <span class='ocrx_word' id='word_1_174' title='bbox 1642 2118 1720 2161; x_wconf 76' lang='lat' dir='ltr'>Ali</span> 
     </span>
     <span class='ocr_line' id='line_1_25' title="bbox 217 2199 1719 2261; baseline -0.001 -17"><span class='ocrx_word' id='word_1_175' title='bbox 217 2202 463 2261; x_wconf 64' lang='lat' dir='ltr'>R&#39;Iovajjad</span> <span class='ocrx_word' id='word_1_176' title='bbox 504 2203 668 2245; x_wconf 87' lang='lat' dir='ltr'>sororis</span> <span class='ocrx_word' id='word_1_177' title='bbox 706 2203 826 2245; x_wconf 88' lang='lat' dir='ltr'>filius</span> <span class='ocrx_word' id='word_1_178' title='bbox 873 2209 1011 2258; x_wconf 88' lang='lat' dir='ltr'>atque</span> <span class='ocrx_word' id='word_1_179' title='bbox 1053 2201 1111 2242; x_wconf 90' lang='lat' dir='ltr'>ad</span> <span class='ocrx_word' id='word_1_180' title='bbox 1157 2202 1406 2259; x_wconf 70' lang='lat' dir='ltr'>vectigalia</span> <span class='ocrx_word' id='word_1_181' title='bbox 1450 2199 1719 2259; x_wconf 82' lang='lat' dir='ltr'>recipienda</span> 
     </span>
     <span class='ocr_line' id='line_1_26' title="bbox 219 2281 1717 2341; baseline -0.003 -15"><span class='ocrx_word' id='word_1_182' title='bbox 219 2282 464 2327; x_wconf 87' lang='lat' dir='ltr'>Chodscha</span> <span class='ocrx_word' id='word_1_183' title='bbox 493 2284 571 2326; x_wconf 85' lang='lat' dir='ltr'>Ali</span> <span class='ocrx_word' id='word_1_184' title='bbox 595 2283 789 2326; x_wconf 86' lang='lat' dir='ltr'>Tusensi</span> <span class='ocrx_word' id='word_1_185' title='bbox 816 2281 1098 2341; x_wconf 82' lang='lat' dir='ltr'>Bagdadum</span> <span class='ocrx_word' id='word_1_186' title='bbox 1127 2284 1277 2330; x_wconf 76' lang='lat' dir='ltr'>misso,</span> <span class='ocrx_word' id='word_1_187' title='bbox 1307 2298 1356 2325; x_wconf 88' lang='lat' dir='ltr'>re</span> <span class='ocrx_word' id='word_1_188' title='bbox 1385 2282 1586 2324; x_wconf 73' lang='lat' dir='ltr'>feliciter</span> <span class='ocrx_word' id='word_1_189' title='bbox 1607 2296 1717 2340; x_wconf 82' lang='lat' dir='ltr'>per-</span> 
     </span>
     <span class='ocr_line' id='line_1_27' title="bbox 219 2364 983 2423; baseline -0.001 -18"><span class='ocrx_word' id='word_1_190' title='bbox 219 2372 335 2418; x_wconf 70' lang='lat' dir='ltr'>acta,</span> <span class='ocrx_word' id='word_1_191' title='bbox 369 2366 411 2406; x_wconf 91' lang='lat' dir='ltr'>in</span> <span class='ocrx_word' id='word_1_192' title='bbox 445 2380 640 2423; x_wconf 81' lang='lat' dir='ltr'>regnum</span> <span class='ocrx_word' id='word_1_193' title='bbox 674 2379 803 2406; x_wconf 83' lang='lat' dir='ltr'>suum</span> <span class='ocrx_word' id='word_1_194' title='bbox 831 2364 983 2406; x_wconf 88' lang='lat' dir='ltr'>rediit.</span> 
     </span>
    </p>

    <p class='ocr_par' dir='ltr' id='par_1_7' title="bbox 219 2443 1716 2745">
     <span class='ocr_line' id='line_1_28' title="bbox 350 2443 1715 2490; baseline -0.001 -3"><span class='ocrx_word' id='word_1_195' title='bbox 350 2445 461 2487; x_wconf 86' lang='lat' dir='ltr'>Post</span> <span class='ocrx_word' id='word_1_196' title='bbox 496 2446 696 2488; x_wconf 88' lang='lat' dir='ltr'>reditum</span> <span class='ocrx_word' id='word_1_197' title='bbox 731 2453 884 2487; x_wconf 75' lang='lat' dir='ltr'>autem</span> <span class='ocrx_word' id='word_1_198' title='bbox 917 2443 1102 2485; x_wconf 85' lang='lat' dir='ltr'>Timuri</span> <span class='ocrx_word' id='word_1_199' title='bbox 1136 2444 1298 2487; x_wconf 84' lang='lat' dir='ltr'>Sultan</span> <span class='ocrx_word' id='word_1_200' title='bbox 1332 2445 1545 2490; x_wconf 77' lang='lat' dir='ltr'>Ahmed.</span> <span class='ocrx_word' id='word_1_201' title='bbox 1588 2444 1715 2485; x_wconf 81' lang='lat' dir='ltr'>auxi-</span> 
     </span>
     <span class='ocr_line' id='line_1_29' title="bbox 220 2525 1714 2583; baseline -0.001 -16"><span class='ocrx_word' id='word_1_202' title='bbox 220 2527 291 2567; x_wconf 81' lang='lat' dir='ltr'>liis</span> <span class='ocrx_word' id='word_1_203' title='bbox 314 2541 336 2567; x_wconf 84' lang='lat' dir='ltr'>a</span> <span class='ocrx_word' id='word_1_204' title='bbox 361 2525 648 2568; x_wconf 77' lang='lat' dir='ltr'>Graecorum</span> <span class='ocrx_word' id='word_1_205' title='bbox 676 2526 954 2583; x_wconf 79' lang='lat' dir='ltr'>imperatore</span> <span class='ocrx_word' id='word_1_206' title='bbox 982 2526 1208 2582; x_wconf 71' lang='lat' dir='ltr'>acceptis,</span> <span class='ocrx_word' id='word_1_207' title='bbox 1243 2525 1522 2583; x_wconf 79' lang='lat' dir='ltr'>Bagdadum</span> <span class='ocrx_word' id='word_1_208' title='bbox 1549 2527 1714 2567; x_wconf 79' lang='lat' dir='ltr'>iterum</span> 
     </span>
     <span class='ocr_line' id='line_1_30' title="bbox 222 2605 1716 2662; baseline 0.001 -14"><span class='ocrx_word' id='word_1_209' title='bbox 222 2607 423 2649; x_wconf 81' lang='lat' dir='ltr'>revertit.</span> <span class='ocrx_word' id='word_1_210' title='bbox 492 2606 737 2649; x_wconf 79' lang='lat' dir='ltr'>Chodscha</span> <span class='ocrx_word' id='word_1_211' title='bbox 774 2605 967 2650; x_wconf 76' lang='lat' dir='ltr'>Masud.</span> <span class='ocrx_word' id='word_1_212' title='bbox 1005 2621 1146 2661; x_wconf 86' lang='lat' dir='ltr'>quum</span> <span class='ocrx_word' id='word_1_213' title='bbox 1181 2608 1390 2648; x_wconf 76' lang='lat' dir='ltr'>resistere</span> <span class='ocrx_word' id='word_1_214' title='bbox 1428 2621 1514 2647; x_wconf 85' lang='lat' dir='ltr'>non</span> <span class='ocrx_word' id='word_1_215' title='bbox 1550 2613 1716 2662; x_wconf 77' lang='lat' dir='ltr'>posset.</span> 
     </span>
     <span class='ocr_line' id='line_1_31' title="bbox 219 2686 1716 2745; baseline -0.001 -17"><span class='ocrx_word' id='word_1_216' title='bbox 219 2687 498 2745; x_wconf 84' lang='lat' dir='ltr'>Bagdadum</span> <span class='ocrx_word' id='word_1_217' title='bbox 524 2689 591 2729; x_wconf 90' lang='lat' dir='ltr'>illi</span> <span class='ocrx_word' id='word_1_218' title='bbox 616 2686 821 2730; x_wconf 83' lang='lat' dir='ltr'>tradidit.</span> <span class='ocrx_word' id='word_1_219' title='bbox 872 2686 1035 2728; x_wconf 82' lang='lat' dir='ltr'>Sultau</span> <span class='ocrx_word' id='word_1_220' title='bbox 1063 2686 1246 2728; x_wconf 76' lang='lat' dir='ltr'>Ahmed</span> <span class='ocrx_word' id='word_1_221' title='bbox 1264 2719 1275 2732; x_wconf 85' lang='grc'>,</span> <span class='ocrx_word' id='word_1_222' title='bbox 1311 2687 1505 2729; x_wconf 82' lang='lat' dir='ltr'>Tiniuro</span> <span class='ocrx_word' id='word_1_223' title='bbox 1534 2702 1588 2727; x_wconf 72' lang='lat'>(²0</span> <span class='ocrx_word' id='word_1_224' title='bbox 1619 2686 1716 2743; x_wconf 85' lang='lat' dir='ltr'>ipso</span> 
     </span>
    </p>

    <p class='ocr_par' dir='ltr' id='par_1_8' title="bbox 153 2765 1714 2908">
     <span class='ocr_line' id='line_1_32' title="bbox 153 2765 1714 2825; baseline -0.001 -16"><span class='ocrx_word' id='word_1_225' title='bbox 153 2772 202 2809; x_wconf 77' lang='lat'>18</span> <span class='ocrx_word' id='word_1_226' title='bbox 222 2776 430 2825; x_wconf 74' lang='lat' dir='ltr'>tempore</span> <span class='ocrx_word' id='word_1_227' title='bbox 454 2783 559 2811; x_wconf 85' lang='lat' dir='ltr'>cum</span> <span class='ocrx_word' id='word_1_228' title='bbox 580 2767 929 2813; x_wconf 72' lang='lat' dir='ltr'>Toktamischo,</span> <span class='ocrx_word' id='word_1_229' title='bbox 957 2782 1068 2824; x_wconf 70' lang='lat' dir='ltr'>rege</span> <span class='ocrx_word' id='word_1_230' title='bbox 1093 2765 1590 2825; x_wconf 70' lang='lat' dir='ltr'>Descht-Kiptschaki,</span> <span class='ocrx_word' id='word_1_231' title='bbox 1613 2766 1714 2808; x_wconf 80' lang='lat' dir='ltr'>bel-</span> 
     </span>
     <span class='ocr_line' id='line_1_33' title="bbox 224 2848 1713 2908; baseline -0.001 -17"><span class='ocrx_word' id='word_1_232' title='bbox 224 2851 316 2891; x_wconf 89' lang='lat' dir='ltr'>lum</span> <span class='ocrx_word' id='word_1_233' title='bbox 345 2857 563 2908; x_wconf 78' lang='lat' dir='ltr'>gerente,</span> <span class='ocrx_word' id='word_1_234' title='bbox 594 2856 751 2892; x_wconf 80' lang='lat' dir='ltr'>nactus</span> <span class='ocrx_word' id='word_1_235' title='bbox 778 2848 1196 2908; x_wconf 73' lang='lat' dir='ltr'>opportunitatem,</span> <span class='ocrx_word' id='word_1_236' title='bbox 1231 2849 1398 2891; x_wconf 81' lang='lat' dir='ltr'>iterum</span> <span class='ocrx_word' id='word_1_237' title='bbox 1428 2848 1606 2904; x_wconf 86' lang='lat' dir='ltr'>aliquot</span> <span class='ocrx_word' id='word_1_238' title='bbox 1633 2862 1713 2889; x_wconf 88' lang='lat' dir='ltr'>an-</span> 
     </span>
    </p>
   </div>
  </div>
 </body>
</html>
