1836 3129
182 1634 209 1671 6

181 1715 209 1753 7

181 2649 208 2685 8

983 149 1013 194 2

374 269 494 325 „Tu,
519 269 555 312 si
580 269 732 312 ebrius
758 276 805 312 et
830 277 957 314 veste
981 284 1094 312 auro
1121 269 1334 312 distincta
1358 269 1544 313 indutus
1569 269 1748 326 transis,
1774 299 1787 306 ‚

244 365 413 406 „unum
439 350 615 393 basium
641 365 755 393 vove
780 350 945 394 Haifizo
971 353 1103 395 lanea
1133 358 1262 395 veste
1291 351 1460 395 amicto
1486 347 1579 408 ⁷).“

373 430 620 475 Chodscha
660 432 797 476 Hafiz
831 448 1015 492 semper
1054 448 1160 477 cum
1191 431 1458 476 Dervischis
1496 439 1540 475 et
1580 431 1746 476 ascetis
1775 438 1786 447 '

242 513 536 568 versabatur,
577 528 901 572 nonnunquam
941 516 1080 559 etiam
1119 516 1341 557 intererat
1380 513 1584 558 conciliis
1620 512 1747 572 opti-
1779 525 1793 578 ἰ,
1835 512 1836 516 ’

196 683 342 723 5mus
382 684 429 720 et
470 677 854 735 perfectissimus,
901 686 1054 721 tamen
1097 679 1235 721 etiam
1278 678 1338 719 ad
1378 676 1821 743 adolescentia-35

243 602 418 639 matum
458 601 503 638 et
539 596 805 654 plincipum
841 603 886 640 et
925 612 1205 654 quamquam
1243 597 1312 638 xii
1351 603 1450 638 erat
1487 593 1746 639 eruditisn‘-
1779 585 1836 627 3

240 759 357 802 bene
390 764 674 801 moratorum
704 759 970 803 societatem
998 775 1043 802 se
1077 758 1344 817 applicabat
1372 766 1417 801 et
1447 758 1505 800 ab
1533 757 1745 801 omnibus
1795 799 1797 801 .

239 840 537 900 diligebatur
597 839 725 882 Inter
762 842 886 884 varia
924 842 1215 898 eloquentiae
1255 855 1428 899 genera
1465 822 1786 898 ghazelis⁸j

236 928 414 964 tantum
452 935 555 963 usus
591 928 682 976 est,
726 937 838 979 quas
872 931 976 981 post
1014 924 1109 964 eius
1142 930 1340 965 mortem
1378 921 1568 964 demum
1608 919 1757 965 amici*

238 1009 283 1045 et
318 1003 533 1061 discipuli
572 1002 617 1045 in
655 1002 885 1046 Divzinum
905 1002 954 1061 ⁹)
993 1005 1299 1063 collegerunt.
1362 1002 1457 1045 Nos
1494 1010 1586 1045 tres
1621 1001 1745 1061 gha-
1791 1042 1802 1052 ,

234 1084 356 1128 zelas
389 1099 445 1128 ex
478 1085 603 1127 illius
633 1084 812 1128 Diuino
845 1086 1073 1145 elegimus
1104 1086 1180 1128 hic
1211 1084 1564 1144 proponendas:

839 1206 1125 1249 Ghazela.

362 1293 674 1349 „Pocillator,
718 1295 850 1349 veni,
897 1296 1067 1338 etenim
1104 1294 1281 1352 tulipae
1316 1294 1434 1336 calix
1470 1293 1636 1351 plenus
1673 1296 1742 1334 est

229 1375 405 1430 „meri;
444 1375 630 1433 quando
664 1376 765 1418 finis
799 1376 887 1419 erit
927 1377 1081 1419 verbis
1116 1376 1265 1429 vanis,
1303 1374 1488 1432 quando
1520 1373 1742 1429 terminus

228 1455 429 1517 „nugis2
471 1457 612 1500 Mitte
639 1458 905 1516 superbiam
936 1465 982 1501 et
1013 1457 1285 1511 blanditias,
1320 1456 1437 1499 vidit
1469 1457 1589 1498 enim
1619 1462 1741 1498 tem-

225 1554 341 1598 „pus
373 1555 510 1598 rugas
538 1547 677 1598 togae
706 1538 954 1583 Caesarum
987 1547 1032 1583 et
1064 1542 1203 1583 finem
1232 1539 1507 1582 diadematis
1530 1536 1740 1595 Kajano-

227 1636 360 1676 „rum
382 1617 474 1678 1⁰).
548 1621 760 1680 Zephyri
793 1622 927 1664 flatus
965 1623 1211 1665 iuventutis
1247 1629 1430 1680 tempus
1467 1617 1654 1676 (breve)
1691 1619 1740 1662 in

226 1704 524 1758 „memoriam
565 1709 780 1755 revocat3
827 1704 983 1760 itaque
1025 1705 1242 1762 porrige,
1279 1718 1306 1745 o
1347 1700 1549 1745 iuvenis!
1598 1700 1738 1743 animi

228 1784 559 1840 „medicinam,
607 1800 725 1842 quae
767 1799 925 1828 curam
966 1786 1134 1828 aufert.
1202 1784 1379 1827 Fraudi
1418 1791 1463 1826 et
1502 1782 1738 1826 blanditiis

228 1867 360 1922 „aevi
401 1866 495 1910 noli
536 1866 800 1918 confidere3
856 1867 1017 1909 infelix
1058 1867 1168 1921 ille,
1219 1867 1298 1924 qui
1339 1879 1524 1908 securus
1568 1871 1636 1908 est
1677 1863 1737 1908 de

228 1949 352 2004 „eius
381 1948 561 1991 fraude.
610 1948 826 1991 Ministra
856 1948 973 1991 mihi
1004 1949 1187 1991 nomine
1219 1947 1380 1990 Hatim
1411 1942 1618 2005 Taji11)
1649 1960 1738 2005 po-

229 2030 416 2086 „culum
456 2030 585 2073 unius
623 2030 770 2073 librae
811 2045 1048 2085 mensura,
1099 2038 1149 2072 ut
1188 2030 1510 2073 convolvamus
1551 2029 1737 2087 nigrum

229 2126 503 2167 „avarorum
534 2111 702 2154 librum
724 2108 815 2163 1²).
885 2111 1117 2155 Fortunae
1152 2111 1271 2154 dona
1306 2126 1392 2170 pro
1425 2110 1530 2153 vino
1563 2111 1736 2170 oppig-

231 2208 393 2249 „nera,
428 2207 483 2236 ex
520 2201 672 2237 asceta
718 2194 838 2236 enim
876 2209 932 2237 ne
968 2193 1119 2236 hilum
1161 2194 1350 2251 quidem
1390 2192 1620 2235 remansit.
1691 2189 1736 2236 Ο

231 2274 422 2331 ,,ΗεὶίίΖΞ
479 2276 682 2318 carmina
723 2282 825 2330 tua,
862 2290 1142 2333 quamquam
1183 2275 1362 2334 persice
1403 2275 1594 2333 scripta,
1628 2275 1735 2318 vul-

231 2366 369 2416 „gata
409 2363 511 2399 sunt
545 2372 570 2399 a
610 2372 757 2416 regno
794 2357 1006 2416 Aegypti
1047 2364 1092 2400 et
1131 2356 1297 2415 Syriae
1342 2372 1484 2414 usque
1524 2356 1585 2399 ad
1622 2358 1735 2401 fines

229 2439 443 2498 „imperii
473 2437 644 2482 Graeci
679 2446 725 2482 et
759 2439 818 2482 ad
854 2434 1166 2497 Raja1n13).“

836 2558 1121 2602 Ghazela.

357 2641 492 2696 „Duo
516 2641 650 2684 amici
676 2641 816 2684 faceti
841 2648 887 2684 et
913 2641 1031 2684 duae
1058 2641 1149 2683 vini
1176 2640 1343 2683 vetusti
1370 2638 1544 2693 librae,
1571 2640 1732 2695 otium,

224 2724 374 2780 „liber
407 2729 453 2765 et
484 2722 608 2766 horti
641 2724 838 2781 angulus
874 2747 937 2753 —
972 2722 1055 2765 has
1089 2737 1161 2765 res
1198 2737 1285 2782 ego
1322 2736 1411 2764 non
1446 2721 1608 2767 darem
1643 2735 1732 2781 pro

223 2805 343 2863 „hoc
371 2805 542 2850 mundo
570 2812 615 2849 et
641 2820 729 2866 pro
758 2806 936 2861 futuro,
976 2805 1058 2849 etsi
1091 2804 1148 2848 ad
1181 2804 1326 2864 pedes
1356 2818 1482 2847 meos
1513 2803 1731 2848 continuo

1827 705 1836 733 1

1800 1309 1824 1433 '3

1817 1553 1825 1646 ἰ
