1836 3129
840 137 872 180 9

99 252 342 292 annihilavit
381 257 424 292 et
462 252 711 302 cogitatione
748 267 886 291 rerum
929 253 1155 292 divinarum
1188 257 1407 303 occupatus
1437 256 1477 294 in
1509 269 1604 296 vera

100 316 176 356 Dei
204 317 441 368 cognitione
471 322 513 356 et
538 318 884 368 contemplatione
915 322 1025 357 totus
1056 323 1253 355 versatur.
1298 318 1420 357 Plura
1447 320 1498 358 de
1526 322 1602 360 hoc

98 381 228 433 gradu
268 383 465 432 leguntur
503 383 546 420 iu
584 383 878 421 Ferid-eddiu
916 384 1050 422 Attari
1091 383 1196 420 libro
1236 383 1502 423 Pendnameh
1540 387 1602 424 in-

98 447 252 498 scripto
287 459 374 498 cap.
402 447 470 486 52.
511 460 551 498 p.
580 447 661 485 165
689 460 797 499 seq.;
841 448 893 486 cf.
927 448 978 485 de
1009 448 1127 498 Saeyi
1169 453 1305 486 annot.
1335 450 1398 487 ad.
1430 451 1471 488 h.
1502 452 1528 489 l.
1559 457 1602 490 et

98 524 139 563 p.
167 511 294 560 LlV.,
324 511 408 551 LV.
438 516 480 550 et
508 511 655 560 LXll.,
695 514 763 551 ubi
795 514 916 550 etiam
946 512 1014 549 alii
1052 511 1320 562 perfectionis
1357 514 1509 565 gradus
1538 529 1602 555 ac-

94 576 275 614 curatius
313 575 614 614 describuntur.
673 577 737 615 Cf.
775 578 971 615 Hammer
1001 575 1151 614 Gesch.
1189 577 1264 616 der
1301 578 1481 618 schenen
1519 580 1602 619 Re-

95 640 298 679 dekiinste
325 638 517 680 Persiens
555 654 596 692 p.
631 641 713 679 340
741 654 825 693 seq.
866 646 907 680 et
945 641 1164 680 Tholuckii
1193 642 1406 682 Sufismus.
1463 645 1600 684 Berol.

91 705 214 745 1821.

150 783 196 832 4)
226 784 332 825 Saz'd
356 787 725 827 [rasim-elamor
760 787 1037 825 recentiorum
1070 786 1311 836 Persarum,
1351 789 1420 838 qui
1459 790 1599 829 studio

91 850 265 901 mystico
293 863 337 890 se
367 852 598 900 dederunt,
629 852 750 890 facile
780 853 993 903 princeps,
1035 852 1111 889 iam
1142 852 1190 890 ad
1220 852 1525 892 adolescentulo
1555 855 1598 893 in

89 927 230 954 rerum
260 915 488 956 divinarum
519 918 906 968 contemplationem
932 917 1116 955 incubuit
1142 922 1184 955 et
1207 917 1413 956 Sufiorum
1445 918 1597 958 doctri·

89 992 183 1019 nam
224 981 437 1032 professus
476 986 687 1033 postquam
732 983 871 1020 multis
912 982 952 1019 in
994 982 1093 1020 locis
1131 983 1411 1033 praeceptoris
1449 996 1597 1022 munus

88 1051 348 1098 susceperat,
392 1050 545 1086 tautam
575 1048 751 1086 nominis
779 1047 1002 1086 claritatem
1041 1051 1282 1086 consecutus
1313 1052 1399 1095 est,
1442 1052 1487 1086 ut
1516 1050 1596 1100 ipsi

88 1110 299 1162 principes
343 1116 385 1150 et
412 1116 620 1162 magnates
657 1113 809 1151 scholis
848 1112 935 1150 eius
964 1112 1226 1150 interessent.
1283 1113 1417 1161 Quum
1456 1118 1595 1152 autem

87 1174 216 1214 nimio
245 1175 393 1215 ardore
422 1177 648 1216 doctrinam
677 1189 790 1215 suam
829 1176 1087 1227 praedicaret
1123 1180 1165 1213 et
1201 1176 1389 1215 homines
1429 1177 1479 1215 ad
1508 1182 1594 1218 stu-

87 1239 201 1280 dium
225 1242 442 1292 mysticum
466 1242 638 1281 incitare
662 1242 862 1289 studeret,
891 1254 941 1279 ue
962 1240 1195 1279 auditorum
1219 1253 1413 1280 numerus
1435 1255 1594 1282 cresce-

85 1308 174 1354 ret,
209 1317 283 1344 rex
313 1307 413 1345 urbe
442 1307 572 1345 Herat
600 1307 716 1345 illum
745 1319 935 1344 amovere
957 1305 1096 1356 jussit.
1155 1306 1295 1356 ltaque
1327 1307 1519 1346 Balchum
1552 1313 1594 1347 et

87 1369 400 1410 Samarcandum
431 1384 475 1409 se
505 1372 664 1423 recepit
703 1372 841 1422 ibique
877 1384 952 1422 per
980 1370 1145 1421 aliquod
1178 1377 1340 1422 tempus
1368 1384 1593 1411 commora-

86 1439 153 1474 tus
181 1439 257 1474 est.
314 1436 474 1475 Deinde
513 1438 711 1475 Heratum
752 1437 879 1475 rediit
917 1441 1039 1486 atque
1077 1448 1168 1473 cuni
1208 1436 1350 1474 eadem
1390 1442 1435 1475 ut
1473 1443 1591 1476 antea

85 1501 318 1541 auditorum
356 1501 589 1552 frequentia
624 1503 780 1540 scholas
810 1503 999 1552 mysticas
1031 1501 1182 1539 habere
1219 1502 1419 1552 perrexit.
1477 1502 1591 1540 Obiit

84 1579 149 1606 an.
178 1567 231 1605 H.
257 1567 339 1606 835
368 1567 467 1612 (Ch.
498 1567 624 1613 1431)
661 1567 703 1605 iu
739 1568 827 1605 vico
865 1566 1153 1605 Chardscherd
1194 1579 1324 1617 prope
1362 1567 1591 1618 Nischapu-

83 1643 175 1670 rum
206 1635 249 1670 et
278 1632 320 1670 in
347 1632 483 1679 horto,
511 1645 631 1682 quem
659 1631 849 1682 discipuli
880 1631 1136 1682 praeceptori
1168 1631 1259 1668 vivo
1291 1637 1486 1679 emerant,
1519 1632 1590 1670 de-

84 1695 251 1735 functus
291 1700 365 1735 est.
424 1696 487 1735 Cf.
521 1697 715 1734 Hammer
745 1696 894 1735 Gesch.
927 1696 965 1734 d.
997 1696 1138 1733 schoa.
1172 1696 1276 1733 Red.
1309 1709 1348 1746 p.
1379 1696 1474 1735 285.
1503 1710 1588 1748 seq.

82 1761 154 1813 qui
193 1762 315 1800 etiam
355 1761 541 1812 exempla
576 1761 773 1812 quaedam
813 1774 863 1799 ex
902 1760 990 1798 eius
1022 1760 1174 1799 Divano
1211 1762 1443 1812 germanice
1473 1775 1589 1800 versa

84 1825 266 1865 exhibet.
322 1826 524 1865 Herbelot
552 1826 656 1865 Bibl.
685 1827 833 1865 orient.
863 1839 894 1865 s.
922 1838 959 1864 v.
996 1826 1160 1864 cassem
1190 1827 1350 1865 Atzvar.

288 1908 357 1936 κί’

141 1940 183 1988 ς)
222 1957 228 1989 ς
254 1945 360 1994 §.o-9·
290 1940 307 1947 ’“
393 1941 561 1993 proprie
585 1945 648 1980 est
673 1943 893 1980 veritatem
918 1942 1185 1990 confirmans,
1216 1941 1368 1979 deiude
1394 1943 1588 1980 veritatis

285 2000 303 2012 κ

81 2034 303 2086 indagator
332 2037 373 2072 et
401 2034 539 2085 lingua
565 2034 770 2073 Suliorum
801 2035 865 2072 vir
892 2033 1122 2085 religiosus,
1154 2035 1230 2085 que·
1253 2034 1310 2071 ad
1335 2035 1466 2071 anina·
1491 2047 1587 2084 per-

71 2109 275 2160 feetionis
300 2110 493 2162 gradum,
526 2112 601 2163 qui
619 2110 778 2162 gradus
807 2111 1001 2147 veritatis
1033 2098 1263 2157 (μὲᾼέ>)
1294 2109 1463 2152 dicitur,
1492 2123 1586 2157 per-

82 2176 210 2214 venit.
251 2174 433 2214 Gradum
464 2176 587 2213 istum
619 2176 732 2214 hisce
763 2175 897 2212 verbis
927 2173 1121 2212 describit
1147 2174 1245 2211 Silv.
1274 2174 1324 2211 (le
1349 2176 1473 2223 Sacy:
1503 2174 1587 2220 „La

81 2253 228 2291 ream&
257 2262 464 2301 eas-Q,
503 2250 602 2289 c’est
631 2264 712 2289 une
741 2255 852 2289 sorte
884 2251 935 2287 de
965 2250 1226 2301 philosophie
1257 2250 1351 2299 qui,
1391 2248 1587 2291 s'elevaut

81 2330 132 2356 au
168 2317 310 2355 dessus
340 2316 412 2354 des
451 2318 665 2367 preceptes
696 2317 747 2353 (le
786 2316 821 2353 la
862 2316 1036 2366 religion
1077 2321 1118 2352 et
1149 2315 1202 2352 ‹lu
1234 2315 1343 2352 culte
1382 2314 1586 2364 spirituel,

81 2381 295 2420 considere
324 2382 384 2419 les
411 2381 555 2419 choses
585 2381 683 2418 daus
720 2381 810 2418 leur
848 2393 1040 2424 essene-03
1085 2379 1180 2417 c'est
1214 2393 1265 2417 un
1297 2380 1380 2417 etat
1418 2377 1584 2416 d'intui-

81 2447 193 2495 tion,
223 2447 453 2484 suruaturel
483 2451 525 2484 et
555 2446 804 2495 extatique.“
863 2445 1128 2482 Peuduameh
1161 2458 1199 2494 p.
1228 2445 1318 2481 168.

136 2530 181 2580 6)
212 2533 572 2572 Mozafferidarum
600 2533 783 2584 dynastia
811 2532 916 2582 apud
942 2532 1085 2569 Persas
1111 2530 1251 2568 floruit
1276 2531 1323 2567 ab
1349 2542 1410 2567 an.
1436 2530 1486 2566 ΙΙ.
1503 2530 1584 2567 708

82 2597 181 2644 (Ch.
198 2598 325 2644 1308)
354 2612 481 2649 usque
505 2599 555 2636 ad
581 2612 644 2636 au.
661 2596 1019 2643 795[011.13!)2).
1065 2596 1194 2645 Regni
1221 2602 1342 2645 caput
1370 2599 1457 2632 erat
1488 2595 1582 2632 urbs

79 2663 273 2709 Seliiraz;
313 2668 403 2715 post
431 2665 588 2702 obitum
615 2667 750 2701 autem
778 2660 1078 2699 Mohammedis
1104 2659 1466 2697 Mobariz-eddiui
1490 2659 1581 2696 Μο-

79 2730 241 2777 zass'eri,
272 2729 483 2779 dynastiae
509 2728 706 2780 principis
735 2731 777 2765 ct
806 2726 1054 2771 conditoris,
1085 2725 1153 2774 qui
1184 2737 1275 2760 euin
1307 2724 1581 2772 sequebantur

79 2795 154 2834 filii
185 2800 226 2834 et
255 2807 512 2835 successores
550 2806 721 2843 reguum
754 2792 862 2829 inter
891 2804 934 2828 se
967 2790 1107 2840 partiti
1137 2793 1232 2826 suut
1261 2792 1302 2824 et
1332 2788 1372 2824 iu
1405 2787 1578 2825 diversis

1288 2859 1312 2880 ι)

1289 2883 1312 2893 ..ο
