1836 3129
947 132 1009 175 12

221 255 340 305 „ipse
366 252 507 291 Sultan
531 249 705 297 Ahmed,
736 254 782 288 ut
812 250 851 287 in
882 261 1003 287 versu
1036 247 1224 299 sequenti
1256 259 1448 298 expresse
1483 247 1648 295 dicitur,
1678 248 1733 286 tit

220 317 488 367 „miraculum
521 315 727 367 potentiae
760 314 1062 353 Mohammedis
1103 319 1145 351 et
1183 314 1339 365 gratiae
1380 314 1543 352 divinae
1579 313 1732 352 donum

220 381 653 431 „excellentissimum.
704 379 767 418 Cf.
802 379 1070 428 Rosenzweig
1098 380 1254 431 Joseph
1285 393 1324 418 u.
1352 378 1544 418 Sule'icha
1573 391 1614 430 p.
1638 378 1731 417 188.

220 452 305 486 not.
334 447 400 485 20.

283 531 353 581 ¹⁷)
392 535 565 573 Carmen
604 533 715 572 istud
756 534 838 572 fine
875 545 1016 571 carere
1054 532 1245 579 videtur,
1287 544 1378 570 nam
1417 532 1631 583 proprium
1671 534 1735 570 est

222 600 452 648 Ghazelae‚
495 604 542 637 ut
580 592 700 650 poeta
739 599 780 636 in
821 599 967 636 ultimo
1004 598 1268 637 hemistichio
1299 601 1430 635 semet
1467 597 1603 648 ipsum
1633 596 1732 635 allo·

221 678 349 717 quens
387 665 452 712 id,
493 665 534 702 in
573 677 654 715 quo
685 663 929 715 exponendo
958 676 1122 702 carmen
1162 663 1384 714 praecipue
1415 667 1623 710 versatur,
1664 674 1734 701 ex-

217 731 383 782 primat.
442 730 572 768 Recte
610 730 738 780 igitur
777 728 842 766 ed.
883 729 984 779 Aeg.
1020 741 1100 766 una
1137 740 1230 766 cum
1270 726 1733 778 Hammer-Purgstalli

218 795 361 834 codice
391 795 472 834 duo
501 796 602 833 haec
635 794 810 832 disticha
841 794 881 832 in
913 794 994 832 fine
1024 792 1153 831 addit.
1203 792 1366 843 „Caput
1395 805 1555 840 amans,
1585 792 1622 830 εἰ
1651 804 1733 831 non

219 868 312 910 „est
337 861 473 912 pulvis
502 864 646 912 portae
674 859 820 906 amati,
855 858 1058 909 quomodo
1090 871 1139 896 ex
1169 869 1363 896 aerumna
1393 857 1610 909 vertiginis
1640 869 1735 896 eva-

221 926 336 975 „det.
402 927 544 973 Affer‚
588 938 612 964 ο
654 937 751 963 aura
791 925 989 962 matutina
1027 922 1240 975 pulverem
1282 927 1425 973 portae
1463 920 1611 970 amici',
1652 934 1734 974 quo

221 991 368 1040 „Hafiz
406 991 570 1030 oculum
606 990 742 1029 cordis
778 989 1027 1027 illuminet.“
1085 987 1194 1028 Vide
1224 999 1327 1038 quae
1357 988 1399 1026 in
1428 993 1544 1027 textu
1572 987 1734 1040 persico

220 1069 313 1108 pag.
344 1056 410 1095 11.
442 1061 578 1095 annot.
607 1056 645 1093 4.
675 1054 969 1093 annotavimus.

280 1129 351 1179 ¹⁸]
382 1134 494 1184 Quae
518 1133 586 1171 hic
608 1134 952 1170 commemoratur
972 1129 1204 1168 Tamerlani
1233 1130 1445 1182 expeditio
1469 1134 1611 1169 contra
1634 1129 1735 1170 Per-

220 1211 284 1238 sas
304 1202 505 1250 suscepta,
529 1197 705 1237 secunda
728 1201 789 1235 est
812 1201 854 1235 et
874 1197 913 1234 in
938 1209 1000 1234 an.
1020 1195 1177 1234 11795.
1196 1196 1437 1242 (Ch.1392)
1460 1196 1619 1243 incidit,
1643 1208 1734 1235 nam

218 1264 299 1302 hoc
327 1265 369 1303 in
399 1265 507 1303 bello
537 1263 672 1303 Schah
702 1263 873 1301 Mansur
905 1261 1150 1300 interfectus
1182 1266 1269 1306 est3
1317 1261 1401 1299 vid.
1433 1262 1540 1300 Hist.
1570 1261 1734 1300 Timuri

220 1330 249 1367 l.
278 1329 348 1367 lll.
379 1342 466 1380 cap.
497 1329 592 1374 25.;
623 1329 675 1367 cf.
708 1329 941 1379 Deguignes
973 1326 1125 1365 Gesch.
1154 1326 1192 1364 d.
1225 1327 1335 1365 Hun.
1363 1331 1462 1366 tom.
1494 1326 1563 1366 lv.
1596 1340 1637 1378 p.
1665 1327 1734 1366 36.

220 1399 264 1433 et
291 1395 358 1433 37.
416 1394 499 1432 Sed
544 1395 584 1432 in
625 1400 857 1445 temporum
900 1393 1057 1430 ratione
1097 1396 1237 1443 peccat
1269 1391 1568 1439 Dauletschah‚
1608 1404 1734 1442 quum

220 1459 329 1499 infra
354 1463 513 1511 poetam
538 1460 655 1498 Ilafiz
680 1460 759 1497 iam
785 1458 1013 1497 an.11.794
1035 1457 1131 1502 (Ch.
1148 1457 1276 1502 1391)
1297 1462 1505 1496 mortuum
1528 1469 1618 1494 esse
1642 1469 1733 1495 nar-

219 1530 298 1563 ret.
343 1527 476 1575 Quare
501 1525 699 1562 assentior
725 1524 843 1562 beato
869 1523 968 1561 Silv.
996 1522 1047 1560 de
1072 1523 1217 1573 Sacy0‚
1244 1523 1313 1572 qui
1336 1535 1449 1570 rem,
1481 1521 1533 1560 de
1560 1534 1637 1572 qua
1666 1521 1734 1560 hic

220 1591 378 1642 agitur,
417 1590 467 1627 ad
499 1589 670 1641 primam
703 1589 935 1627 Tamerlani
968 1588 1274 1638 expeditionem
1306 1592 1446 1625 contra
1476 1586 1621 1625 Persas
1649 1586 1734 1625 fac-

220 1661 302 1694 tam
328 1655 459 1694 refert
485 1660 527 1693 et
550 1655 892 1693 Dauletschahum
921 1644 1136 1703 utramque
1162 1652 1470 1704 expeditionem
1497 1651 1734 1691 confudisse

220 1721 448 1760 contendit.
507 1721 619 1770 Quae
656 1719 823 1770 quidem
863 1719 1002 1769 opinio
1039 1718 1210 1756 aliorum
1242 1730 1404 1768 quoque
1433 1717 1621 1756 codicum
1652 1718 1735 1756 lec-

220 1787 335 1825 tione
363 1787 641 1832 confirmatur,
670 1785 739 1835 qui
768 1797 831 1822 an.
858 1784 909 1821 11.
926 1782 1268 1829 787(Ch.13-‘35)
1294 1787 1363 1820 aut
1387 1783 1468 1821 790
1485 1783 1584 1829 (Ch.
1601 1783 1733 1829 1388)

220 1857 554 1897 commemorant,
580 1864 670 1889 nam
696 1851 737 1888 in
764 1850 893 1901 prima
918 1848 1183 1899 expeditione
1202 1847 1470 1886 Tamerlanus
1492 1848 1734 1886 Schirazum

221 1929 285 1955 an.
314 1917 367 1956 H.
392 1917 474 1955 789
503 1917 600 1962 (Ch.
631 1916 757 1961 1387)
789 1919 1107 1966 expugnaverat.
1168 1912 1263 1952 vid.
1294 1913 1401 1951 Hist.
1432 1913 1594 1951 Timuri
1624 1912 1650 1951 l.
1682 1912 1734 1951 ll.

223 1995 310 2034 cap.
338 1983 405 2020 61.
448 1982 501 2020 cf.
533 1982 767 2033 Deguignes
798 1980 947 2019 Gesch.
980 1979 1019 2017 d.
1048 1979 1157 2017 Hun.
1184 1982 1281 2016 tom.
1309 1977 1379 2018 lv.
1406 1992 1445 2030 p.
1466 1978 1532 2017 29.
1566 1984 1607 2017 et
1637 1979 1733 2018 Not.

224 2051 265 2087 et
293 2047 476 2086 Extraits
506 2052 604 2086 tom.
638 2046 706 2085 lV.
739 2059 777 2097 p.
808 2045 886 2083 241
919 2048 1003 2082 not.
1034 2044 1093 2089 a).

281 2121 350 2170 ¹9)
381 2125 455 2162 Est
483 2124 657 2174 primum
687 2121 889 2160 distichon
915 2119 1120 2159 Ghazelae
1144 2118 1347 2157 secundae
1374 2132 1395 2157 e
1418 2119 1537 2158 litera
1566 2110 1599 2166 l,
1630 2132 1734 2170 quae

223 2192 383 2241 integra
424 2190 465 2227 in
509 2188 747 2239 Specimine
790 2186 966 2224 l‘oeseos
1005 2184 1188 2236 persicae
1234 2197 1324 2235 pag.
1359 2185 1397 2222 4.
1438 2197 1523 2236 seq.
1564 2184 1731 2234 legitur.

223 2253 564 2303 „Commendatio
594 2253 872 2298 naevorun1“‚
915 2255 1028 2288 recte
1057 2250 1113 2287 ait
1143 2250 1375 2299 Revizcky,
1419 2251 1489 2297 „in
1521 2251 1660 2301 pueris
1689 2255 1732 2289 et

221 2319 396 2371 puellis,
436 2319 610 2356 maxime
640 2330 737 2355 vero
767 2317 800 2355 si
831 2315 958 2354 indici
987 2315 1166 2362 suerint,
1209 2320 1253 2353 ut
1283 2321 1424 2354 auctor
1453 2316 1657 2366 loquitur,
1688 2314 1731 2352 id

223 2388 287 2422 est
324 2384 401 2422 atri
443 2388 485 2422 et
524 2383 796 2434 nigricantes,
845 2380 1040 2431 frequens
1081 2380 1301 2418 admodum
1342 2385 1403 2418 est
1442 2381 1549 2432 apud
1591 2384 1731 2432 poetas

224 2449 406 2487 Orientis
430 2453 471 2487 et
502 2450 543 2487 in
573 2449 651 2486 hoc
679 2459 805 2497 opere
836 2446 968 2484 ubivis
998 2446 1135 2489 οῦκ-ἱεὶς
1168 2445 1321 2484 etenim
1351 2446 1537 2496 gentium
1570 2446 1730 2484 illarum

223 2513 376 2552 iudicio
415 2515 531 2552 naevi
572 2514 615 2552 in
654 2513 825 2552 candida
854 2516 948 2549 cute
985 2511 1194 2561 conspicui
1237 2523 1316 2549 non
1356 2516 1602 2562 postremam
1641 2510 1731 2561 pul-

223 2579 444 2618 critudinis
475 2584 631 2630 partem
662 2576 958 2617 constituunt.“
1016 2575 1079 2613 Cf.
1112 2575 1209 2613 ibid.
1240 2589 1279 2627 p.
1309 2575 1376 2614 62.

282 2662 353 2710 ²⁰)
395 2666 455 2704 Ad
502 2666 693 2704 literam:
751 2671 830 2711 „ut
879 2677 1163 2713 nonnunquam
1211 2665 1423 2702 cerebrum
1469 2664 1556 2702 cius
1601 2664 1727 2703 exsic-

224 2732 384 2769 caret.“

282 2804 354 2852 2¹]
385 2806 619 2845 Secundum
646 2806 844 2844 historiae
865 2804 1097 2842 'l'amerlani
1124 2805 1365 2856 scriptorem
1394 2804 1493 2843 haec
1519 2805 1730 2856 expeditio
