1836 3129
818 200 850 245 ’ὅ

83 336 163 367 nos
200 320 448 381 imperium
487 319 704 380 Bagdadi
742 321 890 364 tenuit
932 328 977 364 et
1021 321 1197 380 saepius
1242 335 1346 364 cum
1386 318 1580 363 Timuro

82 409 163 447 aut
203 401 491 446 conflictatus
531 407 600 444 est
639 408 718 444 aut
758 416 919 459 pacem
964 403 1090 455 iniit,
1136 416 1253 458 quae
1298 401 1449 443 omnia
1494 415 1580 444 co-

43 488 47 490 ’
82 484 252 544 piosius
275 497 498 526 ¹enarrare
529 481 666 524 huius
700 482 791 527 loci
824 497 913 525 non
942 489 1031 537 est,
1066 482 1214 525 donec
1246 481 1433 524 tandem
1464 496 1581 524 anno

81 563 365 609 DCCCVIH
398 578 484 623 per
514 578 699 606 manum
728 563 854 605 Kara
879 562 1025 605 Jusuf
1047 562 1324 615 Tummani,
1369 561 1497 603 unius
1526 576 1581 604 ex

83 646 344 707 pastoribus
373 645 516 703 patris
545 644 629 698 sui,
661 644 876 702 martyris
904 650 1100 686 mortem
1121 643 1232 685 obiit
1264 649 1310 685 et
1335 643 1580 700 imperium

84 727 323 786 dynastiae
358 725 724 784 Dschalajiricae
761 732 974 784 ereptum
1009 725 1069 767 ad
1106 724 1392 767 Turcmanos
1433 729 1580 765 trans-

81 810 161 865 iit,
204 823 402 866 quorum
440 808 633 851 historia
668 807 797 866 origo
835 813 881 849 et
912 820 1182 866 progressus
1212 804 1406 863 posthac
1442 819 1581 847 enar-

82 891 322 934 rabuntur.

212 971 347 1014 Anno
372 967 650 1012 DCCXCIV
676 967 920 1011 Chodscha
948 967 1084 1010 Haifiz
1113 967 1207 1009 vita
1240 966 1483 1009 defunctus
1503 962 1581 1014 Ἡ)

81 1059 129 1097 et
162 1052 210 1095 in
251 1051 451 1094 Mosalla
478 1047 496 1073 ‘²
513 1045 555 1100 5)
595 1049 883 1093 Schirzizensi
924 1050 1129 1107 sepultus
1175 1055 1241 1090 est
1259 1081 1269 1101 a
1320 1048 1471 1089 faveat
1511 1046 1582 1087 illi

80 1131 233 1178 Deus!
267 1132 421 1186 Quum
442 1131 604 1174 Sultan
627 1131 942 1173 Abul-kasim
965 1131 1124 1173 Babur
1147 1129 1369 1171 Behadur
1393 1127 1580 1170 Schira—

81 1229 188 1258 zum
208 1219 528 1273 expugnasset,
556 1213 765 1255 dominus
793 1218 944 1254 noster
963 1210 1220 1254 Mohamed
1244 1207 1482 1265 Maamaji,
1506 1221 1581 1249 su—

82 1309 271 1356 premus
294 1293 474 1337 Sultani
498 1294 657 1337 Babur
687 1294 907 1347 minister,
942 1308 1058 1335 anno
1082 1290 1245 1334 DCCC
1270 1306 1405 1349 super
1431 1288 1580 1330 Haifizi

81 1377 296 1438 sepulcro
321 1376 563 1436 egregium
589 1381 937 1419 monumentum
963 1374 1227 1418 faciendum
1252 1372 1421 1415 locavit
1440 1367 1535 1424 ι30).
