1836 3129
655 822 1351 867 Annotationes.

309 994 352 1040 1)
387 965 645 1032 Chodsclzae
670 992 812 1038 titulo,
850 998 893 1029 ut
920 991 1086 1029 honoris
1112 996 1154 1029 et
1177 990 1390 1041 dignitatis
1417 991 1580 1028 nomine
1606 989 1646 1027 in
1664 986 1758 1025 Ori-

249 1066 344 1100 ente
369 1071 508 1098 omnes
535 1058 611 1095 viri
640 1057 835 1108 praeclari
861 1057 1133 1107 appellantur,
1164 1055 1353 1106 inprimis
1378 1060 1513 1093 autem
1543 1055 1620 1092 viri
1647 1051 1758 1091 docti

249 1131 291 1164 et
319 1124 586 1176 professores.
645 1121 817 1172 Proprie
845 1122 1047 1173 siguificat
1081 1123 1307 1165 seniorem,
1347 1120 1499 1158 deinde
1531 1120 1756 1162 dominum,

245 1206 572 1254 praeceptorem.
628 1196 908 1248 Synonymum
940 1202 1003 1235 est
1029 1197 1197 1236 Schee’ch
1231 1195 1380 1285 Cast«-

305 1298 350 1346 2)
383 1296 578 1340 Schr‘rrlz,
609 1295 704 1333 urbs
732 1306 835 1344 quae
863 1294 1040 1345 amplum
1071 1294 1194 1334 habet
1225 1294 1481 1332 territorium
1515 1298 1558 1330 et
1586 1291 1759 1331 Provin-

248 1366 335 1404 ciae
363 1365 463 1402 Fars
490 1366 629 1411 caput,
662 1360 711 1398 ob
740 1359 819 1397 loci
848 1360 1158 1406 amoenitatem,
1190 1361 1229 1398 in
1262 1373 1341 1411 quo
1371 1359 1447 1396 sita
1479 1363 1541 1396 est
1569 1358 1759 1408 aerisque

249 1428 494 1480 temperiem
525 1431 566 1463 et
596 1437 736 1474 aquam
769 1425 1027 1475 purissimam
1059 1431 1100 1462 et
1131 1425 1333 1463 salubrem
1367 1424 1484 1462 valde
1513 1423 1759 1461 celebratur.

249 1496 392 1543 „Hauc
420 1490 609 1541 aliquis“‚
639 1490 695 1527 ait
726 1489 948 1539 Reviczky,
979 1502 1086 1536 „non
1119 1490 1223 1527 male
1248 1489 1412 1527 Persiae
1432 1489 1614 1527 Athenas
1644 1500 1761 1526 voca-

251 1560 381 1604 verit,
427 1561 514 1595 tum
543 1554 649 1605 quod
682 1554 898 1605 purissima
934 1554 1071 1605 lingua
1102 1554 1287 1601 Persica,
1328 1566 1456 1604 eaque
1487 1552 1761 1604 peculiaribus

251 1623 468 1662 idiotismis
510 1634 554 1659 ac
592 1620 831 1670 elegantiis,
873 1631 970 1669 quas
1007 1619 1262 1669 grammatici
1300 1618 1436 1669 gentis
1475 1618 1587 1656 illius
1616 1616 1760 1656 modos

249 1687 479 1728 Sclnirazios
510 1689 667 1732 vocant,
696 1684 918 1731 luxurians,
950 1683 1094 1722 ineolis
1123 1684 1211 1722 eius
1240 1684 1294 1722 sit
1323 1683 1471 1730 nativa,
1502 1689 1589 1721 tum
1621 1683 1759 1729 etiam,

249 1753 357 1804 quod
386 1751 663 1789 amoeniorum
694 1761 738 1787 ae
768 1749 1006 1799 politiorum
1037 1748 1250 1785 literarum
1278 1747 1533 1786 domicilium
1561 1747 1642 1786 dici
1672 1760 1758 1786 me-

250 1823 401 1856 reatur.
460 1814 633 1853 Plurimi
661 1826 756 1851 saue
787 1819 900 1860 sunt,
932 1825 1063 1863 neque
1093 1812 1214 1850 facile
1245 1813 1526 1860 enumerandi,
1557 1812 1758 1852 eruditio-

251 1884 312 1922 nis
345 1886 387 1919 et
411 1880 669 1930 eloquentiae
700 1878 820 1916 laude
845 1879 886 1916 in
908 1878 1080 1915 Oriente
1111 1877 1209 1915 clari
1237 1878 1473 1927 scriptores,
1504 1878 1573 1928 qui
1605 1890 1654 1916 ex
1682 1878 1758 1916 hac

251 1948 352 1986 urbe
391 1946 591 1996 originem
634 1947 868 1988 traxerunt,
916 1941 986 1979 sed
1028 1942 1137 1979 inter
1176 1947 1337 1980 ceteros
1379 1943 1582 1988 notiores,
1625 1955 1758 1994 neque

214 2011 219 2013 ’
251 2011 498 2052 nostratibus
530 2009 815 2046 nominetenus
844 2007 974 2057 ignoti
1007 2012 1151 2057 poetae
1180 2012 1274 2044 sunt
1297 2006 1416 2044 Saadi
1443 2012 1482 2044 et
1506 2008 1624 2045 llafiz
1648 2010 1756 2046 etc.“

250 2077 333 2115 vid.
363 2075 540 2127 Specim.
581 2086 691 2123 poes.
728 2072 840 2110 Pers.
880 2084 918 2122 p.
947 2069 1097 2110 XVlll.
1157 2071 1264 2109 nist.
1295 2071 1422 2121 prior.
1456 2084 1541 2123 reg.
1572 2071 1685 2111 Pers.
1716 2086 1756 2124 p.

251 2142 331 2179 114
353 2146 394 2178 et
418 2140 509 2177 115.
561 2138 612 2175 el'.
644 2137 841 2175 llerbelot
871 2135 975 2173 Bibl.
1007 2149 1065 2173 or.
1097 2148 1129 2173 s.
1161 2149 1197 2173 v.
1220 2157 1271 2162 —
1304 2136 1361 2173 De
1390 2148 1514 2182 auno,
1541 2150 1620 2187 quo
1642 2137 1759 2176 Schi-

251 2207 332 2244 razi
367 2210 483 2242 natus
513 2209 576 2240 est
607 2207 725 2252 poeta
757 2201 873 2239 ilafiz
904 2201 960 2238 nil
989 2205 1102 2238 certe
1132 2206 1308 2246 constat,
1338 2213 1461 2250 quum
1495 2214 1628 2252 neque
1653 2201 1757 2241 Dau-

251 2270 434 2309 letscliah
462 2280 592 2317 neque
618 2267 686 2304 alii
712 2267 933 2317 scriptores
962 2265 1078 2302 illum
1101 2271 1436 2303 commemorent.
1478 2266 1606 2304 Natus
1627 2266 1757 2305 fuisse

253 2335 416 2373 videtur
459 2332 600 2383 primis
640 2332 788 2369 saeculi
822 2330 1002 2380 liegirae
1042 2331 1174 2368 octavi
1212 2330 1349 2377 annis,
1396 2343 1487 2368 nam
1530 2332 1604 2370 sub
1631 2332 1755 2371 finem

252 2399 435 2439 eiusdem
465 2397 614 2435 saeculi
645 2397 752 2434 diem
783 2407 1018 2445 supremum
1046 2396 1160 2433 obiit.

310 2473 353 2520 ³]
393 2473 596 2512 Saliorum
640 2472 740 2509 ordo
781 2471 1021 2521 religiosus,
1071 2484 1242 2521 quorum
1291 2471 1396 2507 sitae
1437 2469 1648 2520 (legendae
1694 2482 1754 2507 ra-

253 2541 309 2578 tio
351 2540 391 2576 iu
432 2537 777 2587 contemplatione
819 2542 860 2573 et
903 2536 1137 2586 cognitione
1181 2548 1318 2572 rerum
1363 2535 1590 2572 divinarum
1636 2535 1754 2572 unice

252 2610 314 2643 est
353 2604 503 2654 posita,
544 2602 682 2651 plures
722 2601 939 2651 distinguit
973 2600 1095 2637 animi
1139 2600 1403 2650 perfectionis
1440 2601 1612 2652 gradus,
1655 2611 1754 2649 quo-

253 2692 341 2718 rum
373 2678 542 2716 ultimus
572 2677 800 2727 appellatur
827 2676 986 2728 gradus
1016 2676 1324 2714 anm‘lu’latiom’s
1354 2663 1511 2724 (be),
1553 2675 1614 2712 vel
1647 2687 1756 2725 pau-

251 2755 430 2807 pertatis
460 2747 565 2822 (sii-e
588 2746 630 2799 l,
660 2759 728 2791 aut
756 2752 915 2804 gradus
941 2754 1206 2802 paupertatis
1236 2758 1276 2789 et
1307 2746 1754 2819 (ιηηίήιἸαΙιόηιέΓὸ-ἐ)

254 2818 396 2888 (iaz-⁵9,
424 2831 515 2878 quia
545 2831 582 2867 iu
614 2830 689 2867 isto
722 2828 986 2879 perfectiouis
1013 2829 1141 2878 gradu
1173 2828 1294 2866 lionio
1323 2833 1451 2865 semet
1482 2827 1613 2877 ipsum
1643 2827 1755 2875 quasi
