1836 3129
944 138 1007 182 lo

219 260 437 299 Persarum
466 256 704 310 regionibus
735 255 881 307 partim
912 256 1034 295 simul
1063 261 1301 309 regnarunt,
1337 259 1486 311 partim
1516 258 1595 298 sibi
1623 257 1729 298 invi-

220 338 309 365 cem
339 325 647 369 successerunt,
677 321 808 359 donec
832 321 998 360 tandem
1027 322 1316 371 Tamerlanus,
1352 323 1730 363 Schah-Mansuro

222 390 398 436 devicto,
428 400 603 439 regnum
625 386 988 425 Mozafferidarum
1017 387 1206 427 funditus
1237 389 1403 427 evertit.
1446 388 1546 429 vid.
1569 388 1729 427 Herbe-

221 456 282 493 lot
311 454 416 492 Bibl.
447 453 518 491 Or.
548 464 579 489 s.
609 464 646 489 v.
677 451 925 503 Modlzaffer.
984 451 1217 504 Deguignes
1262 454 1415 493 Gesch.
1445 453 1520 492 der
1549 454 1729 493 Hunnen

222 522 324 558 tom.
353 518 405 558 V.
435 531 476 569 p.
504 517 587 556 488
616 521 658 555 et
686 518 781 556 489.
815 517 883 556 cll.
913 521 1012 556 tom.
1044 517 1113 558 lV.
1145 532 1184 570 p.
1212 518 1267 557 37
1295 531 1382 570 seq.

278 604 322 652 ⁷)
353 605 428 644 Est
458 604 662 643 distichon
693 604 886 655 ghazelae
914 602 1118 642 secundae
1147 616 1197 642 ex
1225 604 1347 643 litera
1384 627 1452 664 ω.

278 707 323 755 ⁸)
355 707 536 748 Ghazela
573 683 671 780 A}
699 705 867 758 proprie
892 710 955 745 est
976 719 1138 745 carmen
1159 708 1414 756 amatorium,
1436 721 1560 759 quum
1583 707 1637 747 sit
1661 707 1733 746 de-

221 813 398 852 rivatum
427 823 450 849 a
475 810 599 848 verbo
629 810 736 848 arab.
777 786 870 879 ely-g
900 810 1009 860 quod
1039 810 1267 861 significat:
1305 823 1430 856 „cvm
1459 811 1600 850 studio
1629 822 1734 849 usus

212 905 308 955 suit
347 916 559 948 sermone,
604 915 684 954 quo
717 902 893 951 seminis
929 901 1219 942 blande'retnr“
1242 906 1307 949 a),
1345 904 1388 942 in
1419 915 1549 954 eoque
1577 905 1735 940 amatae

222 967 461 1020 pulcritudo
491 972 533 1005 et
562 967 712 1005 amoris
739 966 942 1004 cruciatus
980 967 1209 1017 praedicari
1248 973 1291 1006 et
1327 969 1476 1008 amoris
1510 967 1734 1006 amicitiae-

220 1046 302 1085 que
331 1034 417 1072 laus
444 1032 621 1071 describi
653 1032 822 1070 soleant.
881 1031 1094 1071 Interdum
1126 1033 1251 1071 etiam
1280 1033 1371 1072 aliis
1399 1034 1522 1072 rebus
1558 1037 1735 1071 tractan-

221 1098 286 1136 dis
316 1098 510 1145 inservit,
554 1100 599 1135 ut
628 1096 714 1134 vini
758 1100 799 1135 et
837 1096 977 1147 gaudii
1017 1097 1177 1136 deliciis
1221 1102 1263 1136 et
1304 1099 1488 1149 mysticis
1525 1097 1735 1137 Sufiorum

222 1162 436 1202 doctrinis.
467 1162 656 1201 Carmine
679 1161 902 1212 alloquitur
926 1168 1047 1213 poeta
1069 1167 1139 1201 aut
1165 1163 1292 1215 ipsam
1317 1168 1488 1202 amatam
1515 1168 1584 1202 aut
1608 1163 1735 1202 alium

222 1241 368 1280 quem,
407 1231 531 1279 prout
558 1227 750 1265 carminis
780 1231 1067 1278 argumentum
1102 1228 1292 1280 postulat.
1349 1227 1567 1280 Proprium
1596 1231 1735 1267 autem

223 1297 288 1333 est
318 1293 552 1341 Ghazelae,
594 1296 641 1330 ut
680 1292 840 1343 singula
879 1291 1056 1331 disticha
1085 1293 1318 1345 perfectum
1355 1306 1520 1332 sensum
1552 1293 1736 1332 efficiant

223 1362 266 1397 et:
307 1359 539 1398 sententiae
576 1357 757 1396 carmine
797 1370 1015 1408 expressae
1053 1359 1221 1397 minime
1263 1359 1373 1397 inter
1400 1371 1445 1397 se
1473 1358 1734 1397 cohaereant.

222 1423 446 1475 Proprium
483 1435 608 1474 porro
650 1425 714 1460 cst
748 1422 954 1461 Ghazelae
995 1428 1041 1461 ut
1081 1424 1123 1463 in
1163 1424 1310 1463 ultimo
1348 1423 1514 1462 demum
1544 1424 1735 1472 disticho,

223 1499 335 1551 quod
371 1497 645 1537 Sambi-heic
681 1493 814 1547 [Q
851 1485 967 1541 δα)
1003 1499 1091 1538 sive
1134 1500 1262 1551 Regis
1306 1499 1512 1539 distichon
1554 1505 1736 1549 vocatur,

221 1569 359 1616 poeta,
389 1567 520 1603 semet
548 1564 683 1615 ipsum
712 1563 936 1614 alloquens,
967 1563 1030 1612 id,
1059 1564 1101 1602 in
1132 1578 1212 1614 quo
1242 1565 1486 1616 exponendo
1514 1567 1737 1618 praecipue

224 1642 393 1668 carmen
420 1632 630 1675 versatur,
660 1629 874 1679 exprimat.
933 1630 1045 1679 Quae
1075 1629 1242 1679 quidem
1279 1630 1369 1678 lex,
1416 1645 1658 1683 quamquam
1687 1632 1737 1670 ab

224 1708 309 1734 uno
340 1695 523 1733 alterove
564 1697 723 1731 tantum
762 1698 1003 1744 poetarum,
1031 1694 1100 1744 qui
1136 1699 1230 1733 aute
1260 1695 1450 1735 Saadium
1490 1697 1737 1744 floruerunt,

225 1761 438 1800 observata
475 1758 578 1804 fuit,
620 1764 762 1809 postea
800 1763 936 1797 tamen
975 1759 1017 1797 in
1055 1760 1396 1799 consuetudinem
1434 1762 1560 1800 venit.
1589 1782 1644 1791 —-
1671 1762 1738 1801 Ad

224 1825 399 1864 formam
441 1823 648 1863 Ghazelae
689 1823 798 1874 quod
838 1824 1008 1872 attinet,
1052 1825 1131 1862 tria
1169 1826 1465 1876 requiruntur:
1506 1828 1551 1872 1)
1588 1831 1635 1866 ut
1664 1840 1740 1866 nec

224 1889 487 1942 paucioribus
529 1902 648 1939 quam
688 1888 893 1938 quinque,
937 1902 1011 1928 nec
1052 1890 1239 1941 pluribus
1280 1905 1399 1942 quam
1437 1892 1638 1931 tredecim
1676 1892 1739 1931 di-

225 1955 372 1994 stichis
408 1957 595 2000 constet,
640 1954 718 1991 etsi
760 1966 840 1992 non
881 1967 972 1993 raro
1008 1956 1257 2006 optimorum
1298 1962 1511 2007 poetarum
1549 1958 1739 2009 exemplo

226 2020 277 2058 ab
313 2019 388 2056 hac
429 2019 522 2069 lege
551 2017 805 2064 disceditur;
849 2019 896 2065 2)
927 2024 972 2058 ut
1001 2020 1161 2071 singula
1190 2034 1374 2072 quaeque
1407 2022 1583 2061 disticha
1612 2036 1739 2061 unum

227 2084 423 2134 idemque
452 2083 573 2121 metri
604 2096 734 2134 genus
763 2089 1007 2134 sequantur;
1037 2086 1084 2129 3)
1117 2086 1313 2136 denique,
1343 2091 1388 2125 ut
1418 2088 1542 2139 primi
1572 2087 1741 2126 distichi

229 2148 312 2187 duo
351 2148 612 2186 hemistichia
651 2148 831 2187 secundo
872 2154 1104 2188 ceterorum
1146 2151 1408 2190 hemistichio
1445 2153 1623 2191 similem
1654 2153 1740 2191 exi-

227 2216 317 2252 tum
346 2213 535 2252 habeant.
579 2213 675 2254 Vid.
701 2214 889 2253 Gladwin
919 2215 1203 2254 dissertations
1234 2229 1285 2255 on
1316 2217 1388 2255 the
1417 2217 1612 2265 rhetoric,
1645 2231 1741 2269 pro-

228 2278 333 2328 sody
362 2278 441 2316 and
469 2278 618 2328 rhyme
657 2279 764 2318 Calc.
794 2279 914 2317 1801.
945 2293 984 2330 p.
1011 2281 1051 2319 2.
1108 2281 1325 2332 Specimen
1355 2294 1527 2333 poeseos
1558 2283 1740 2335 persicae

230 2356 272 2395 p.
301 2343 413 2384 XLV
443 2355 527 2394 seq.
557 2343 623 2381 cll.
655 2357 694 2394 p.
725 2344 835 2382 XLll
867 2351 951 2382 not.
978 2346 1036 2390 *).

284 2416 331 2464 9)
362 2419 640 2466 „Gliazelae“,
671 2424 784 2458 recte
809 2420 865 2458 ait
887 2420 1108 2472 Reviczky‚
1138 2423 1319 2470 „multae
1347 2436 1517 2462 numero
1541 2427 1583 2462 et
1605 2423 1740 2462 variae

229 2484 521 2522 terminatione
552 2484 753 2523 Divanum
792 2486 1073 2533 constituunt,
1117 2487 1167 2526 ad
1208 2488 1285 2526 hoc
1325 2494 1461 2527 autem
1498 2489 1740 2539 requiritur,

229 2551 276 2586 ut
305 2560 385 2586 non
416 2550 568 2588 multae
597 2554 754 2588 tantum
785 2551 866 2588 siut
897 2554 938 2588 et
968 2551 1102 2589 variae
1133 2554 1460 2601 terminationis,
1495 2554 1568 2592 sed
1598 2560 1641 2593 ut
1668 2555 1740 2593 ali-

227 2625 332 2663 quae
361 2626 504 2652 earum
534 2614 576 2653 in
605 2615 785 2666 singulas
821 2615 1027 2666 alphabeti
1057 2618 1206 2657 arabici
1239 2619 1377 2658 literas
1408 2619 1621 2667 desinant,
1659 2633 1739 2670 quo

277 2749 313 2787 u)
337 2748 415 2780 vid.
443 2748 613 2789 Freytagii
641 2749 772 2780 lexicon
800 2751 924 2782 arabit.
952 2752 1009 2782 lat.
1037 2762 1059 2783 s.
1087 2762 1117 2783 v.
1152 2753 1203 2785 Cf.
1232 2755 1400 2787 Haniasae
1426 2756 1576 2787 carmina
1602 2766 1635 2796 p.
1662 2759 1737 2787 588.

345 2804 400 2835 cd.
427 2804 598 2845 Freytagii
625 2810 656 2835 et
685 2806 808 2836 Reiske
833 2808 874 2837 ad
901 2807 1048 2840 Tarafae
1074 2809 1190 2840 Moall.
1217 2821 1248 2851 p.
1275 2814 1327 2842 40.
