1836 3129
821 235 852 279 5

87 361 382 412 occupasset,
419 361 590 397 tantam
629 363 784 400 nactus
823 363 889 398 est
921 358 1199 414 potentiam,
1233 365 1281 399 ut
1307 358 1402 400 eius
1432 357 1581 400 domi-

87 436 211 478 natio
255 431 398 492 usque
443 436 503 479 ad
544 437 657 479 fines
702 435 990 480 Graecorum
1036 453 1081 480 se
1130 439 1413 481 extenderet.
1480 438 1582 481 Rex

90 523 189 559 erat
225 501 347 560 omni
381 532 554 575 genere
592 518 824 560 excellens
861 526 907 561 et
943 520 1109 561 artium
1150 520 1331 571 fautor;
1381 520 1582 561 carmina

87 597 270 642 arabica
307 604 354 640 et
387 598 565 656 persica
604 606 650 642 et
685 599 865 657 legerat
899 606 945 642 et
975 599 1090 642 bene
1129 600 1462 658 componebat3
1496 615 1582 642 va—

87 680 259 722 riarum
289 679 427 722 etiam
459 680 626 722 artium
663 681 838 738 peritus
868 681 1005 723 fuisse
1038 681 1232 731 dicitur,
1264 689 1313 724 ut
1341 682 1450 724 artis
1480 682 1582 740 pin-

86 759 229 820 gendi
261 767 307 803 et
340 760 606 815 inaurandi,
639 775 771 804 arcus
806 768 852 805 et
885 763 1074 821 sagittas
1101 763 1375 806 conficiendi
1404 764 1584 822 sigilla—

88 856 180 899 que
212 841 451 900 scalpendi
487 850 533 885 et
566 843 733 885 artium
769 843 976 886 aliarum.
1030 843 1119 887 Sex
1149 845 1404 902 scripturae
1437 859 1585 904 gene—

88 937 192 965 rum
223 930 323 966 erat
352 924 543 982 peritus.
614 923 746 966 Illius
776 931 843 967 est
870 924 960 968 hoc
989 925 1244 968 distichon:

221 1003 357 1059 „Quo
388 1005 567 1062 saepius
597 1012 643 1047 te
674 1005 831 1058 video,
875 1021 928 1047 eo
960 1007 1102 1048 maius
1136 1021 1209 1048 me
1244 1014 1370 1050 tenet
1399 1007 1586 1050 deside-

90 1085 236 1140 „rium
266 1086 363 1137 tui;
398 1101 510 1144 prae
542 1085 774 1129 desiderio
799 1087 952 1130 vultus
980 1088 1047 1130 tui
1081 1103 1245 1146 vesper
1276 1089 1389 1131 mihi
1420 1090 1473 1131 fit
1506 1103 1586 1130 au-

91 1181 226 1222 „rora
259 1167 539 1210 felicitatis.“

223 1247 276 1290 In
302 1254 402 1290 arte
431 1248 603 1291 musica
631 1256 676 1290 et
705 1249 1033 1307 compositione
1063 1250 1230 1292 melica
1256 1250 1517 1292 excellebat
1545 1255 1591 1292 et

90 1329 270 1387 aliquot
303 1329 446 1372 libros
486 1329 544 1372 de
582 1329 673 1372 hac
709 1337 808 1372 arte
841 1332 1111 1388 composuit.
1180 1330 1427 1374 Chodscha
1455 1331 1590 1373 Abd-
1613 1331 1665 1369 15

93 1409 276 1453 elkadir
321 1418 420 1454 erat
459 1411 555 1454 eius
596 1412 795 1465 amicus,
838 1427 862 1454 a
902 1427 994 1468 qua
1033 1413 1153 1454 hanc
1190 1420 1337 1455 artem
1379 1411 1591 1455 didicisse

92 1490 266 1535 dicunt.
335 1491 490 1534 Hodie
525 1507 709 1549 quoque
743 1493 862 1535 inter
896 1494 1090 1536 musicos
1125 1500 1171 1536 et
1207 1501 1415 1536 cantores
1448 1494 1593 1536 multa

94 1573 190 1616 eius
221 1573 616 1616 circumferuntur
645 1574 825 1631 scripta.

224 1653 322 1698 Sed
337 1670 615 1712 quamquam
639 1661 708 1696 tot
725 1663 771 1696 et
792 1662 882 1696 tam
910 1655 1161 1712 praeclaris
1177 1655 1423 1697 virtutibus
1440 1657 1593 1697 excel-

96 1735 247 1790 lebat,
269 1742 421 1778 tamen
445 1743 544 1778 erat
567 1736 706 1778 homo
731 1736 933 1777 crudelis
958 1743 1003 1778 et
1028 1736 1248 1793 perfidus.
1301 1735 1424 1794 Opio
1445 1743 1595 1779 tanto—

96 1832 209 1875 pere
225 1816 560 1871 delectabatur,
586 1824 636 1859 ut
650 1832 972 1873 nonnunquam
988 1824 1138 1859 mente
1157 1817 1416 1875 privaretur
1434 1814 1451 1840 2
1465 1815 1526 1871 Ο),
1553 1824 1597 1858 et

99 1912 242 1955 quum
267 1899 386 1941 viros
410 1899 608 1956 insignes
632 1898 726 1940 sine
754 1899 890 1956 culpa
918 1898 1314 1941 vehementissime
1341 1906 1527 1940 vexaret
1553 1905 1599 1940 et

99 1985 292 2038 propter
318 1980 567 2022 levissimas
593 1993 748 2022 causas
774 1987 922 2021 morte
948 1980 1205 2038 affligeret,
1237 1980 1413 2037 populo
1438 1988 1483 2021 et
1511 1981 1599 2021 mi-

101 2060 257 2103 litibus
286 2061 332 2102 in
358 2060 516 2103 odium
544 2061 670 2102 venit
694 2068 739 2102 et
766 2060 912 2101 Emiri
944 2069 989 2102 et
1018 2061 1252 2118 copiarum
1284 2060 1423 2101 duces
1452 2061 1599 2102 fortu-

101 2141 382 2184 natissimum
408 2148 455 2184 et
478 2142 726 2183 maximum
752 2142 1008 2198 principem
1033 2141 1276 2183 Timurum
1299 2141 1492 2182 Kurkan
1517 2156 1600 2198 per

103 2222 260 2264 literas
287 2224 500 2265 contiuuo
532 2222 805 2274 invitarunt,
841 2221 988 2264 donec
1016 2222 1199 2263 tandem
1228 2238 1343 2263 anno
1371 2221 1598 2264 DCCXC!

104 2309 299 2345 exeunte
327 2299 405 2358 21)
452 2318 558 2345 cum
604 2302 809 2344 exercitu
846 2301 1125 2359 Bagdadum
1165 2304 1400 2359 profectus
1438 2310 1506 2344 est
1543 2302 1601 2343 ad

106 2382 349 2426 Sultanum
381 2384 568 2425 Ahmed
600 2382 982 2425 interficiendum.
1033 2384 1301 2438 Priusquam
1336 2391 1488 2425 autem
1517 2383 1602 2424 'l‘i-

108 2479 211 2506 mur
246 2480 301 2506 eo
333 2465 558 2522 pervenit,
592 2464 754 2505 Sultau
785 2463 970 2505 Ahnwd
1008 2464 1097 2505 hoc
1131 2479 1314 2506 carmen
1344 2480 1368 2505 a
1397 2479 1442 2505 se
1477 2479 1602 2505 com-

109 2545 307 2603 positum
334 2545 529 2587 Timuro
558 2544 706 2585 misit:

243 2626 428 2679 „Quare
465 2632 726 2682 temporum
774 2624 966 2665 iniuriae
1008 2625 1309 2680 praebeamus
1359 2622 1605 2666 cervices?

113 2722 285 2763 „quare
326 2707 422 2748 eius
459 2706 575 2747 ictus
614 2706 901 2762 perferamus
938 2720 1023 2762 pro
1065 2706 1222 2760 quavis
1259 2721 1307 2747 re
1344 2703 1605 2747 levissima?

114 2787 294 2840 „Maria
319 2793 364 2829 et
391 2792 565 2828 montes
595 2787 836 2828 transimus
866 2792 912 2826 et
940 2800 1276 2842 pervagamum
1304 2787 1504 2842 Simon-gi
1537 2786 1603 2825 iu-
1627 2785 1679 2820 ’16

116 2874 235 2921 „star
270 2868 601 2911 transvolamus
627 2864 703 2915 ²²]
741 2874 909 2908 terram
943 2872 988 2907 et
1018 2881 1251 2908 occanum.
1329 2869 1444 2909 Num
1484 2867 1602 2906 desi-
