1836 3129
931 191 962 234 4

119 315 175 352 12
197 311 336 366 „dadi
376 311 534 370 Tigris
583 318 628 353 et
670 311 824 353 vinum
871 308 1030 366 (eius)
1074 310 1228 353 dulce.
1308 309 1517 354 Cincinni
1558 308 1695 367 (tui)

197 400 328 445 „sunt
369 393 495 450 pleni
540 392 875 444 amfractuum,
923 399 1026 433 sunt
1060 391 1230 434 similes
1266 391 1484 436 cincinnis
1518 398 1697 435 amato-

197 488 357 527 „rum3
392 489 496 516 nam
530 475 573 516 in
609 474 869 532 horoscopo
903 480 982 515 tuo
1018 481 1085 515 est
1122 482 1325 531 potestas
1358 472 1617 518 Chosroum
1651 480 1700 517 et

198 556 376 615 „gloria
407 555 795 615 Dschingizchani
815 552 830 580 ¹
851 551 942 611 ⁷).“

330 652 579 697 Chodscha
615 654 751 697 Haifiz
785 653 1069 696 sermonibus
1099 652 1267 710 lepidis
1297 661 1343 696 et
1374 653 1534 697 facetis
1568 667 1700 717 mag-

200 750 371 792 nopere
388 735 727 790 delectabatur,
749 749 961 792 quorum,
987 748 1129 790 quum
1147 734 1281 775 multi
1299 734 1703 788 circumferantur,

200 831 341 858 unum
365 818 622 860 alterumve
650 818 694 859 in
719 816 809 859 hac
838 815 1030 858 historia
1064 814 1232 857 referri
1266 829 1380 873 opus
1415 823 1497 858 est.

333 915 467 958 Anno
509 913 760 957 DCCXCV
807 928 949 970 quum
992 912 1374 955 fortunatissimus
1418 920 1464 956 et
1512 927 1706 972 magnus

203 994 334 1037 Emir
368 996 534 1038 Timur
571 995 790 1049 Kurkan,
827 1009 965 1051 quem
1005 994 1118 1037 deus
1155 994 1412 1048 illuminet,
1457 994 1705 1037 Persarum

203 1077 450 1135 imperium
478 1084 785 1136 expugnasset
819 1084 865 1118 et
900 1091 1061 1134 regem
1089 1074 1281 1117 §Iansur
1314 1076 1454 1118 morti
1487 1075 1707 1118 tradidis-

205 1154 387 1215 setffl),
426 1158 562 1202 Hzifiz
596 1159 715 1201 inter
746 1159 872 1200 vivos
904 1157 1003 1200 fuit.
1062 1157 1226 1214 Itaque
1257 1157 1390 1200 illum
1422 1157 1590 1200 arcessi
1614 1157 1708 1200 ius-

206 1240 266 1282 sit
297 1248 436 1297 atque
472 1242 535 1283 ita
568 1241 796 1283 allocutus
831 1246 924 1282 est:
962 1238 1096 1297 „Ego
1127 1239 1221 1283 ictu
1263 1238 1412 1297 gladii
1442 1239 1578 1296 politi
1609 1253 1709 1281 ma—

134 1326 188 1365 13
207 1323 376 1365 ximam
412 1329 563 1364 terrae
592 1321 827 1363 habitatae
860 1327 1040 1378 partem
1078 1321 1339 1378 expugnavi
1373 1328 1419 1363 et
1449 1320 1598 1362 millia
1630 1334 1711 1363 ur-

137 2511 190 2547 14

207 1405 335 1447 bium
371 1418 424 1447 ac
462 1403 804 1461 provinciarum
846 1401 1155 1460 depopulatus
1191 1417 1314 1456 sum,
1352 1410 1401 1444 ut
1435 1400 1710 1444 samarcan-

209 1485 318 1527 dum
352 1493 398 1527 et
429 1484 719 1539 Bocharam,
754 1485 878 1526 locos
914 1483 1138 1525 domicilii
1180 1491 1225 1525 et
1267 1482 1399 1525 sedes
1435 1484 1569 1541 regni
1605 1483 1713 1537 mei,

209 1567 483 1624 copiosiores
525 1575 570 1609 et
607 1565 888 1609 celebriores
928 1564 1206 1615 redderem3
1254 1572 1304 1606 tu
1342 1572 1525 1617 autem,
1570 1563 1713 1607 homo

207 1648 344 1701 levis,
381 1662 470 1690 uno
504 1663 648 1690 naevo
684 1647 816 1705 nigro
852 1647 988 1690 hasce
1022 1646 1160 1688 urbes
1196 1660 1320 1688 meas
1353 1653 1398 1688 te
1434 1645 1714 1690 traditurum

207 1738 252 1771 et
282 1729 577 1772 venditurum
613 1728 724 1771 dicis
755 1728 846 1770 hoc
876 1742 1037 1770 versu:

339 1826 418 1880 „Si
453 1827 679 1869 formosus
724 1826 804 1867 ille
847 1840 964 1883 puer
992 1823 1302 1868 Schirazensis
1341 1825 1426 1867 sibi
1460 1824 1717 1868 vindicaret

207 1920 315 1959 „cor
344 1923 522 1961 meum„
559 1923 644 1965 pro
670 1922 814 1949 naevo
847 1922 926 1948 suo
958 1907 1092 1964 nigro
1126 1906 1316 1948 daturus
1350 1921 1495 1949 essem
1528 1905 1715 1948 Samar-

209 1987 437 2041 „candum
476 1997 521 2031 et
554 1988 818 2030 Bocllaram
846 1984 967 2043 1““’).“

338 2085 475 2128 Haifiz
504 2093 677 2127 terram
710 2085 964 2137 osculatus,
1009 2098 1065 2137 „o
1106 2084 1263 2126 mundi
1300 2086 1610 2142 imperator‘*‚
1647 2085 1715 2126 in—

209 2168 333 2222 quit,
370 2166 623 2219 „eiusmodi
651 2166 930 2208 liberalitate
964 2165 1139 2207 factum
1173 2174 1265 2208 est.
1302 2175 1349 2207 ut
1379 2180 1496 2208 nune
1525 2166 1568 2207 iu
1598 2165 1717 2207 hanc

211 2248 469 2301 (miseram)
506 2256 675 2290 sortem
712 2246 999 2288 inciderim&
1070 2246 1172 2290 Hoc
1210 2261 1475 2304 responsum
1516 2247 1717 2290 facetum

211 2329 272 2370 ita
302 2329 503 2386 principi
534 2328 893 2370 fortunatissimo
925 2327 1123 2385 placuit,
1160 2335 1208 2368 ut
1242 2343 1327 2368 non
1361 2328 1508 2369 solum
1540 2327 1598 2370 de
1634 2327 1718 2369 ob—

211 2410 469 2467 iurgatione
496 2410 764 2462 desisteret,
801 2409 880 2451 sed
914 2408 1165 2466 benignum
1196 2423 1241 2450 se
1275 2409 1359 2466 ipsi
1390 2409 1652 2466 praeberet·

304 2555 309 2559 ι
343 2506 557 2548 Summus
588 2507 864 2564 imperator,
897 2514 942 2547 et
976 2506 1146 2547 iustitia
1183 2515 1227 2547 et
1258 2506 1494 2561 aequitate
1522 2506 1721 2563 insignis,

214 2587 399 2629 Ahmed
440 2587 789 2644 Bagdadensis,
834 2601 973 2643 quem
1015 2586 1127 2628 <leus
1179 2587 1438 2635 illuminet,
1484 2587 1721 2644 legitimus

213 2667 392 2710 Sultani
434 2668 574 2711 Oveis
615 2667 883 2724 Dschalaijir
927 2681 1188 2712 successor.
1242 2682 1384 2724 quum
1431 2676 1532 2724 post
1578 2667 1721 2724 patris

215 2751 392 2792 obitum
416 2748 631 2807 Bagdadi
659 2749 904 2806 imperium
936 2749 1196 2791 stabiliisset
1229 2757 1299 2801 et,
1333 2749 1476 2790 fratre
1507 2762 1586 2790 suo
1611 2747 1720 2790 Sul-

219 2840 320 2873 lano
363 2831 533 2872 Hosein
582 2845 727 2888 regno
778 2831 992 2887 expulso,
1040 2829 1493 2872 Adserbidschrinam
1537 2844 1721 2885 quoque
