<?xml version="1.0" encoding="UTF-8"?>
<!DOCTYPE html PUBLIC "-//W3C//DTD XHTML 1.0 Transitional//EN"
    "http://www.w3.org/TR/xhtml1/DTD/xhtml1-transitional.dtd">
<html xmlns="http://www.w3.org/1999/xhtml" xml:lang="en" lang="en">
 <head>
  <title>
</title>
<meta http-equiv="Content-Type" content="text/html;charset=utf-8" />
  <meta name='ocr-system' content='tesseract 3.04.00' />
  <meta name='ocr-capabilities' content='ocr_page ocr_carea ocr_par ocr_line ocrx_word'/>
</head>
<body>
  <div class='ocr_page' id='page_1' title='image "./hfizischirze00dauluoft_0015.png"; bbox 0 0 1836 3129; ppageno 0'>
   <div class='ocr_carea' id='block_1_1' title="bbox 844 190 875 233">
    <p class='ocr_par' dir='ltr' id='par_1_1' title="bbox 844 190 875 233">
     <span class='ocr_line' id='line_1_1' title="bbox 844 190 875 233; baseline 0 0"><span class='ocrx_word' id='word_1_1' title='bbox 844 190 875 233; x_wconf 85' lang='lat'><strong>3</strong></span> 
     </span>
    </p>
   </div>
   <div class='ocr_carea' id='block_1_2' title="bbox 103 307 1610 776">
    <p class='ocr_par' dir='ltr' id='par_1_2' title="bbox 103 307 1610 776">
     <span class='ocr_line' id='line_1_2' title="bbox 108 307 1610 369; baseline 0.002 -18"><span class='ocrx_word' id='word_1_2' title='bbox 108 322 184 363; x_wconf 89' lang='lat' dir='ltr'>„se</span> <span class='ocrx_word' id='word_1_3' title='bbox 204 314 552 367; x_wconf 82' lang='lat' dir='ltr'><strong>prosternerent</strong></span> <span class='ocrx_word' id='word_1_4' title='bbox 577 310 812 352; x_wconf 89' lang='lat' dir='ltr'>hominum</span> <span class='ocrx_word' id='word_1_5' title='bbox 835 316 1046 353; x_wconf 77' lang='lat' dir='ltr'>catervae</span> <span class='ocrx_word' id='word_1_6' title='bbox 1065 307 1082 334; x_wconf 76' lang='lat'><strong>1</strong></span> <span class='ocrx_word' id='word_1_7' title='bbox 1098 312 1156 360; x_wconf 59' lang='grc'>4).</span> <span class='ocrx_word' id='word_1_8' title='bbox 1190 311 1467 369; x_wconf 78' lang='lat' dir='ltr'>Quicunque</span> <span class='ocrx_word' id='word_1_9' title='bbox 1485 319 1610 354; x_wconf 90' lang='lat' dir='ltr'>tran—</span> 
     </span>
     <span class='ocr_line' id='line_1_3' title="bbox 106 389 1607 450; baseline 0.003 -18"><span class='ocrx_word' id='word_1_10' title='bbox 106 389 378 446; x_wconf 87' lang='lat' dir='ltr'>„quillitatis</span> <span class='ocrx_word' id='word_1_11' title='bbox 399 390 666 433; x_wconf 84' lang='lat' dir='ltr'>thesaurum</span> <span class='ocrx_word' id='word_1_12' title='bbox 697 406 783 449; x_wconf 92' lang='lat' dir='ltr'>pro</span> <span class='ocrx_word' id='word_1_13' title='bbox 808 392 978 450; x_wconf 86' lang='lat' dir='ltr'>angulo</span> <span class='ocrx_word' id='word_1_14' title='bbox 1000 391 1158 434; x_wconf 89' lang='lat' dir='ltr'>mundi</span> <span class='ocrx_word' id='word_1_15' title='bbox 1183 400 1459 447; x_wconf 87' lang='lat' dir='ltr'>commutat,</span> <span class='ocrx_word' id='word_1_16' title='bbox 1496 408 1607 436; x_wconf 79' lang='lat' dir='ltr'>ven-</span> 
     </span>
     <span class='ocr_line' id='line_1_4' title="bbox 106 470 1608 531; baseline 0.002 -18"><span class='ocrx_word' id='word_1_17' title='bbox 106 470 206 525; x_wconf 87' lang='lat' dir='ltr'>„dit</span> <span class='ocrx_word' id='word_1_18' title='bbox 226 470 487 530; x_wconf 70' lang='lat' dir='ltr'>‹Iosephum</span> <span class='ocrx_word' id='word_1_19' title='bbox 501 471 790 531; x_wconf 69' lang='lat' dir='ltr'>Aegyptium</span> <span class='ocrx_word' id='word_1_20' title='bbox 815 473 896 515; x_wconf 85' lang='lat' dir='ltr'>vili</span> <span class='ocrx_word' id='word_1_21' title='bbox 921 473 1088 530; x_wconf 85' lang='lat' dir='ltr'>pretio.</span> <span class='ocrx_word' id='word_1_22' title='bbox 1124 471 1258 527; x_wconf 87' lang='lat' dir='ltr'>Veni,</span> <span class='ocrx_word' id='word_1_23' title='bbox 1284 475 1453 516; x_wconf 86' lang='lat' dir='ltr'>etenim</span> <span class='ocrx_word' id='word_1_24' title='bbox 1472 471 1608 517; x_wconf 90' lang='lat' dir='ltr'>huius</span> 
     </span>
     <span class='ocr_line' id='line_1_5' title="bbox 105 551 1606 612; baseline 0.001 -17"><span class='ocrx_word' id='word_1_25' title='bbox 105 551 348 607; x_wconf 86' lang='lat' dir='ltr'>„officinae</span> <span class='ocrx_word' id='word_1_26' title='bbox 377 554 425 604; x_wconf 89' lang='lat' dir='ltr'>(i.</span> <span class='ocrx_word' id='word_1_27' title='bbox 443 568 482 596; x_wconf 91' lang='lat' dir='ltr'>e.</span> <span class='ocrx_word' id='word_1_28' title='bbox 507 552 690 610; x_wconf 86' lang='lat' dir='ltr'>mundi)</span> <span class='ocrx_word' id='word_1_29' title='bbox 718 568 812 596; x_wconf 90' lang='lat' dir='ltr'>sors</span> <span class='ocrx_word' id='word_1_30' title='bbox 837 568 925 596; x_wconf 90' lang='lat' dir='ltr'>non</span> <span class='ocrx_word' id='word_1_31' title='bbox 951 554 1261 609; x_wconf 83' lang='lat' dir='ltr'>imminuetur,</span> <span class='ocrx_word' id='word_1_32' title='bbox 1289 569 1438 612; x_wconf 90' lang='lat' dir='ltr'>neque</span> <span class='ocrx_word' id='word_1_33' title='bbox 1463 555 1606 597; x_wconf 84' lang='lat' dir='ltr'>absti-</span> 
     </span>
     <span class='ocr_line' id='line_1_6' title="bbox 103 634 1603 693; baseline 0.001 -17"><span class='ocrx_word' id='word_1_34' title='bbox 103 634 301 689; x_wconf 89' lang='lat' dir='ltr'>„nentia,</span> <span class='ocrx_word' id='word_1_35' title='bbox 326 635 474 691; x_wconf 89' lang='lat' dir='ltr'>qualis</span> <span class='ocrx_word' id='word_1_36' title='bbox 498 641 577 677; x_wconf 88' lang='lat' dir='ltr'>tua</span> <span class='ocrx_word' id='word_1_37' title='bbox 601 641 683 689; x_wconf 80' lang='lat' dir='ltr'>est,</span> <span class='ocrx_word' id='word_1_38' title='bbox 710 649 858 691; x_wconf 90' lang='lat' dir='ltr'>neque</span> <span class='ocrx_word' id='word_1_39' title='bbox 885 635 1197 693; x_wconf 74' lang='lat' dir='ltr'>improbitate,</span> <span class='ocrx_word' id='word_1_40' title='bbox 1225 636 1373 693; x_wconf 89' lang='lat' dir='ltr'>qualis</span> <span class='ocrx_word' id='word_1_41' title='bbox 1397 650 1497 678; x_wconf 89' lang='lat' dir='ltr'>mea</span> <span class='ocrx_word' id='word_1_42' title='bbox 1523 642 1603 678; x_wconf 89' lang='lat' dir='ltr'>est.</span> 
     </span>
     <span class='ocr_line' id='line_1_7' title="bbox 103 713 1604 776; baseline 0.002 -19"><span class='ocrx_word' id='word_1_43' title='bbox 103 713 371 774; x_wconf 86' lang='lat' dir='ltr'>„Tempore</span> <span class='ocrx_word' id='word_1_44' title='bbox 388 716 598 759; x_wconf 87' lang='lat' dir='ltr'>miseriae</span> <span class='ocrx_word' id='word_1_45' title='bbox 623 730 804 759; x_wconf 88' lang='lat' dir='ltr'>necesse</span> <span class='ocrx_word' id='word_1_46' title='bbox 827 723 895 759; x_wconf 88' lang='lat' dir='ltr'>est</span> <span class='ocrx_word' id='word_1_47' title='bbox 917 716 1152 776; x_wconf 84' lang='lat' dir='ltr'>deglutire</span> <span class='ocrx_word' id='word_1_48' title='bbox 1176 731 1306 760; x_wconf 89' lang='lat' dir='ltr'>curas</span> <span class='ocrx_word' id='word_1_49' title='bbox 1331 731 1435 760; x_wconf 90' lang='lat' dir='ltr'>cum</span> <span class='ocrx_word' id='word_1_50' title='bbox 1461 730 1604 771; x_wconf 79' lang='lat' dir='ltr'>mero,</span> 
     </span>
    </p>
   </div>
   <div class='ocr_carea' id='block_1_3' title="bbox 102 797 1647 855">
    <p class='ocr_par' dir='ltr' id='par_1_3' title="bbox 102 797 1647 855">
     <span class='ocr_line' id='line_1_8' title="bbox 102 797 1647 855; baseline 0.003 -16"><span class='ocrx_word' id='word_1_51' title='bbox 102 811 237 852; x_wconf 87' lang='lat' dir='ltr'>„nam</span> <span class='ocrx_word' id='word_1_52' title='bbox 271 798 441 840; x_wconf 89' lang='lat' dir='ltr'>nemini</span> <span class='ocrx_word' id='word_1_53' title='bbox 473 797 801 840; x_wconf 83' lang='lat' dir='ltr'>confidendum</span> <span class='ocrx_word' id='word_1_54' title='bbox 832 804 907 840; x_wconf 87' lang='lat' dir='ltr'>est·</span> <span class='ocrx_word' id='word_1_55' title='bbox 924 797 996 839; x_wconf 89' lang='lat' dir='ltr'>his</span> <span class='ocrx_word' id='word_1_56' title='bbox 1026 798 1326 855; x_wconf 86' lang='lat' dir='ltr'>temporibus.</span> <span class='ocrx_word' id='word_1_57' title='bbox 1371 797 1491 841; x_wconf 90' lang='lat' dir='ltr'>Prae</span> <span class='ocrx_word' id='word_1_58' title='bbox 1520 806 1647 843; x_wconf 80' lang='lat' dir='ltr'>ve--9</span> 
     </span>
    </p>
   </div>
   <div class='ocr_carea' id='block_1_4' title="bbox 38 877 1601 1341">
    <p class='ocr_par' dir='ltr' id='par_1_4' title="bbox 38 877 1601 1341">
     <span class='ocr_line' id='line_1_9' title="bbox 101 877 1601 937; baseline 0.001 -16"><span class='ocrx_word' id='word_1_59' title='bbox 101 877 367 934; x_wconf 88' lang='lat' dir='ltr'>„hementia</span> <span class='ocrx_word' id='word_1_60' title='bbox 400 878 526 921; x_wconf 82' lang='lat' dir='ltr'>venti</span> <span class='ocrx_word' id='word_1_61' title='bbox 552 878 882 921; x_wconf 86' lang='lat' dir='ltr'>adversitatum</span> <span class='ocrx_word' id='word_1_62' title='bbox 915 878 1137 937; x_wconf 85' lang='lat' dir='ltr'>distingui</span> <span class='ocrx_word' id='word_1_63' title='bbox 1167 893 1254 921; x_wconf 88' lang='lat' dir='ltr'>non</span> <span class='ocrx_word' id='word_1_64' title='bbox 1284 885 1459 936; x_wconf 87' lang='lat' dir='ltr'>potest,</span> <span class='ocrx_word' id='word_1_65' title='bbox 1493 894 1601 922; x_wconf 89' lang='lat' dir='ltr'>num</span> 
     </span>
     <span class='ocr_line' id='line_1_10' title="bbox 100 959 1600 1019; baseline 0 -16"><span class='ocrx_word' id='word_1_66' title='bbox 100 974 233 1016; x_wconf 85' lang='lat' dir='ltr'>„rosa</span> <span class='ocrx_word' id='word_1_67' title='bbox 263 959 405 1003; x_wconf 83' lang='lat' dir='ltr'>fuerit</span> <span class='ocrx_word' id='word_1_68' title='bbox 432 961 477 1002; x_wconf 91' lang='lat' dir='ltr'>in</span> <span class='ocrx_word' id='word_1_69' title='bbox 508 959 600 1003; x_wconf 88' lang='lat' dir='ltr'>hoc</span> <span class='ocrx_word' id='word_1_70' title='bbox 627 960 764 1003; x_wconf 92' lang='lat' dir='ltr'>horto</span> <span class='ocrx_word' id='word_1_71' title='bbox 794 975 849 1003; x_wconf 92' lang='lat' dir='ltr'>an</span> <span class='ocrx_word' id='word_1_72' title='bbox 878 961 1133 1002; x_wconf 91' lang='lat' dir='ltr'>iasminum.</span> <span class='ocrx_word' id='word_1_73' title='bbox 1191 959 1462 1003; x_wconf 84' lang='lat' dir='ltr'>Constanter</span> <span class='ocrx_word' id='word_1_74' title='bbox 1490 976 1600 1019; x_wconf 90' lang='lat' dir='ltr'>per-</span> 
     </span>
     <span class='ocr_line' id='line_1_11' title="bbox 99 1041 1599 1100; baseline -0.001 -16"><span class='ocrx_word' id='word_1_75' title='bbox 99 1041 227 1097; x_wconf 80' lang='lat' dir='ltr'>„fer,</span> <span class='ocrx_word' id='word_1_76' title='bbox 272 1056 300 1084; x_wconf 93' lang='grc' dir='ltr'><strong>ο</strong></span> <span class='ocrx_word' id='word_1_77' title='bbox 335 1056 485 1096; x_wconf 88' lang='lat' dir='ltr'>mens,</span> <span class='ocrx_word' id='word_1_78' title='bbox 521 1056 624 1084; x_wconf 91' lang='lat' dir='ltr'>nam</span> <span class='ocrx_word' id='word_1_79' title='bbox 665 1041 778 1084; x_wconf 87' lang='lat' dir='ltr'>deus</span> <span class='ocrx_word' id='word_1_80' title='bbox 808 1048 902 1084; x_wconf 87' lang='lat' dir='ltr'>tam</span> <span class='ocrx_word' id='word_1_81' title='bbox 938 1042 1150 1084; x_wconf 86' lang='lat' dir='ltr'>eximiam</span> <span class='ocrx_word' id='word_1_82' title='bbox 1190 1056 1422 1100; x_wconf 85' lang='lat' dir='ltr'>gemmam</span> <span class='ocrx_word' id='word_1_83' title='bbox 1455 1041 1599 1083; x_wconf 91' lang='lat' dir='ltr'>Ahri-</span> 
     </span>
     <span class='ocr_line' id='line_1_12' title="bbox 38 1122 1596 1178; baseline -0.001 -11"><span class='ocrx_word' id='word_1_84' title='bbox 38 1162 44 1167; x_wconf 86' lang='lat'>.</span> <span class='ocrx_word' id='word_1_85' title='bbox 98 1123 251 1178; x_wconf 89' lang='lat' dir='ltr'>„mani</span> <span class='ocrx_word' id='word_1_86' title='bbox 288 1123 498 1166; x_wconf 85' lang='lat' dir='ltr'>manibus</span> <span class='ocrx_word' id='word_1_87' title='bbox 533 1138 622 1165; x_wconf 91' lang='lat' dir='ltr'>non</span> <span class='ocrx_word' id='word_1_88' title='bbox 654 1124 926 1166; x_wconf 86' lang='lat' dir='ltr'>committet.</span> <span class='ocrx_word' id='word_1_89' title='bbox 977 1122 1167 1165; x_wconf 80' lang='lat' dir='ltr'>Perdita</span> <span class='ocrx_word' id='word_1_90' title='bbox 1204 1129 1272 1166; x_wconf 88' lang='lat' dir='ltr'>est</span> <span class='ocrx_word' id='word_1_91' title='bbox 1307 1128 1467 1165; x_wconf 88' lang='lat' dir='ltr'>natura</span> <span class='ocrx_word' id='word_1_92' title='bbox 1498 1137 1596 1165; x_wconf 85' lang='lat' dir='ltr'>sae-</span> 
     </span>
     <span class='ocr_line' id='line_1_13' title="bbox 39 1203 1600 1262; baseline -0.001 -14"><span class='ocrx_word' id='word_1_93' title='bbox 39 1251 42 1254; x_wconf 15' lang='lat'>,</span> <span class='ocrx_word' id='word_1_94' title='bbox 97 1203 249 1260; x_wconf 80' lang='lat' dir='ltr'>„culi3</span> <span class='ocrx_word' id='word_1_95' title='bbox 291 1210 418 1246; x_wconf 86' lang='lat' dir='ltr'>tanta</span> <span class='ocrx_word' id='word_1_96' title='bbox 454 1205 499 1246; x_wconf 91' lang='lat' dir='ltr'>in</span> <span class='ocrx_word' id='word_1_97' title='bbox 533 1204 796 1248; x_wconf 85' lang='lat' dir='ltr'>calamitate</span> <span class='ocrx_word' id='word_1_98' title='bbox 831 1205 910 1247; x_wconf 88' lang='lat' dir='ltr'>ubi</span> <span class='ocrx_word' id='word_1_99' title='bbox 944 1210 1012 1247; x_wconf 87' lang='lat' dir='ltr'>est</span> <span class='ocrx_word' id='word_1_100' title='bbox 1051 1204 1273 1262; x_wconf 87' lang='lat' dir='ltr'>cogitatio</span> <span class='ocrx_word' id='word_1_101' title='bbox 1307 1204 1522 1262; x_wconf 86' lang='lat' dir='ltr'>sapientis</span> <span class='ocrx_word' id='word_1_102' title='bbox 1555 1211 1600 1246; x_wconf 90' lang='lat' dir='ltr'>et</span> 
     </span>
     <span class='ocr_line' id='line_1_14' title="bbox 97 1283 736 1341; baseline -0.005 -11"><span class='ocrx_word' id='word_1_103' title='bbox 97 1285 370 1341; x_wconf 88' lang='lat' dir='ltr'>„consilium</span> <span class='ocrx_word' id='word_1_104' title='bbox 403 1285 657 1328; x_wconf 88' lang='lat' dir='ltr'>Brahmani</span> <span class='ocrx_word' id='word_1_105' title='bbox 673 1283 696 1327; x_wconf 74' lang='lat'><em>2</em></span> <span class='ocrx_word' id='word_1_106' title='bbox 709 1285 736 1306; x_wconf 74' lang='lat'>‘⁶</span> 
     </span>
    </p>
   </div>
   <div class='ocr_carea' id='block_1_5' title="bbox 95 1376 1602 1922">
    <p class='ocr_par' dir='ltr' id='par_1_5' title="bbox 95 1376 1602 1922">
     <span class='ocr_line' id='line_1_15' title="bbox 230 1376 1601 1437; baseline 0 -17"><span class='ocrx_word' id='word_1_107' title='bbox 230 1378 456 1421; x_wconf 88' lang='lat' dir='ltr'>Narratur</span> <span class='ocrx_word' id='word_1_108' title='bbox 491 1377 735 1420; x_wconf 90' lang='lat' dir='ltr'>Sultanum</span> <span class='ocrx_word' id='word_1_109' title='bbox 767 1376 986 1435; x_wconf 76' lang='lat' dir='ltr'>Bagdadi</span> <span class='ocrx_word' id='word_1_110' title='bbox 1016 1377 1284 1421; x_wconf 84' lang='lat' dir='ltr'>Ahmedum</span> <span class='ocrx_word' id='word_1_111' title='bbox 1320 1392 1601 1437; x_wconf 83' lang='lat' dir='ltr'>magnopere</span> 
     </span>
     <span class='ocr_line' id='line_1_16' title="bbox 96 1458 1601 1516; baseline -0.001 -13"><span class='ocrx_word' id='word_1_112' title='bbox 96 1459 290 1504; x_wconf 84' lang='lat' dir='ltr'>coluisse</span> <span class='ocrx_word' id='word_1_113' title='bbox 332 1466 378 1502; x_wconf 89' lang='lat' dir='ltr'>et</span> <span class='ocrx_word' id='word_1_114' title='bbox 416 1459 629 1503; x_wconf 82' lang='lat' dir='ltr'>dilexisse</span> <span class='ocrx_word' id='word_1_115' title='bbox 663 1458 959 1502; x_wconf 81' lang='lat' dir='ltr'>Chodscham</span> <span class='ocrx_word' id='word_1_116' title='bbox 1005 1458 1140 1502; x_wconf 66' lang='lat' dir='ltr'>Hzifiz</span> <span class='ocrx_word' id='word_1_117' title='bbox 1180 1460 1459 1516; x_wconf 81' lang='lat' dir='ltr'>summisque</span> <span class='ocrx_word' id='word_1_118' title='bbox 1490 1460 1601 1501; x_wconf 65' lang='lat' dir='ltr'>viri-</span> 
     </span>
     <span class='ocr_line' id='line_1_17' title="bbox 96 1539 1602 1595; baseline -0.001 -11"><span class='ocrx_word' id='word_1_119' title='bbox 96 1540 182 1584; x_wconf 87' lang='lat' dir='ltr'>bus</span> <span class='ocrx_word' id='word_1_120' title='bbox 221 1540 532 1595; x_wconf 80' lang='lat' dir='ltr'>contendisse,</span> <span class='ocrx_word' id='word_1_121' title='bbox 572 1547 622 1583; x_wconf 91' lang='lat' dir='ltr'>ut</span> <span class='ocrx_word' id='word_1_122' title='bbox 660 1540 792 1582; x_wconf 88' lang='lat' dir='ltr'>illum</span> <span class='ocrx_word' id='word_1_123' title='bbox 833 1539 893 1581; x_wconf 92' lang='lat' dir='ltr'>ad</span> <span class='ocrx_word' id='word_1_124' title='bbox 932 1555 978 1582; x_wconf 89' lang='lat' dir='ltr'>se</span> <span class='ocrx_word' id='word_1_125' title='bbox 1018 1540 1237 1583; x_wconf 83' lang='lat' dir='ltr'>traheret.</span> <span class='ocrx_word' id='word_1_126' title='bbox 1310 1540 1372 1582; x_wconf 83' lang='lat' dir='ltr'>At</span> <span class='ocrx_word' id='word_1_127' title='bbox 1406 1540 1542 1582; x_wconf 67' lang='lat' dir='ltr'>Hzifiz</span> <span class='ocrx_word' id='word_1_128' title='bbox 1578 1556 1602 1581; x_wconf 92' lang='lat' dir='ltr'>a</span> 
     </span>
     <span class='ocr_line' id='line_1_18' title="bbox 95 1621 1601 1680; baseline -0.001 -15"><span class='ocrx_word' id='word_1_129' title='bbox 95 1621 250 1665; x_wconf 86' lang='lat' dir='ltr'>Persis</span> <span class='ocrx_word' id='word_1_130' title='bbox 278 1621 559 1680; x_wconf 86' lang='lat' dir='ltr'>Bagdadum</span> <span class='ocrx_word' id='word_1_131' title='bbox 593 1622 794 1679; x_wconf 84' lang='lat' dir='ltr'>migrare</span> <span class='ocrx_word' id='word_1_132' title='bbox 828 1622 972 1663; x_wconf 90' lang='lat' dir='ltr'>noluit</span> <span class='ocrx_word' id='word_1_133' title='bbox 1007 1628 1053 1663; x_wconf 93' lang='lat' dir='ltr'>et</span> <span class='ocrx_word' id='word_1_134' title='bbox 1088 1622 1132 1663; x_wconf 89' lang='lat' dir='ltr'>in</span> <span class='ocrx_word' id='word_1_135' title='bbox 1169 1622 1317 1679; x_wconf 87' lang='lat' dir='ltr'>patria</span> <span class='ocrx_word' id='word_1_136' title='bbox 1353 1621 1484 1663; x_wconf 85' lang='lat' dir='ltr'>arido</span> <span class='ocrx_word' id='word_1_137' title='bbox 1519 1637 1601 1679; x_wconf 87' lang='lat' dir='ltr'>pa-</span> 
     </span>
     <span class='ocr_line' id='line_1_19' title="bbox 97 1701 1602 1760; baseline 0 -15"><span class='ocrx_word' id='word_1_138' title='bbox 97 1702 162 1745; x_wconf 88' lang='lat' dir='ltr'>nis</span> <span class='ocrx_word' id='word_1_139' title='bbox 195 1702 342 1745; x_wconf 88' lang='lat' dir='ltr'>frusto</span> <span class='ocrx_word' id='word_1_140' title='bbox 371 1708 610 1745; x_wconf 88' lang='lat' dir='ltr'>contentus</span> <span class='ocrx_word' id='word_1_141' title='bbox 651 1702 745 1743; x_wconf 87' lang='lat' dir='ltr'>mel</span> <span class='ocrx_word' id='word_1_142' title='bbox 782 1701 964 1743; x_wconf 89' lang='lat' dir='ltr'>urbium</span> <span class='ocrx_word' id='word_1_143' title='bbox 1006 1703 1359 1760; x_wconf 85' lang='lat' dir='ltr'>peregrinarum</span> <span class='ocrx_word' id='word_1_144' title='bbox 1398 1717 1485 1744; x_wconf 90' lang='lat' dir='ltr'>non</span> <span class='ocrx_word' id='word_1_145' title='bbox 1519 1718 1602 1760; x_wconf 88' lang='lat' dir='ltr'>ap—</span> 
     </span>
     <span class='ocr_line' id='line_1_20' title="bbox 95 1781 1602 1842; baseline -0.001 -15"><span class='ocrx_word' id='word_1_146' title='bbox 95 1784 277 1842; x_wconf 85' lang='lat' dir='ltr'>petivit.</span> <span class='ocrx_word' id='word_1_147' title='bbox 358 1782 553 1840; x_wconf 85' lang='lat' dir='ltr'>Scripsit</span> <span class='ocrx_word' id='word_1_148' title='bbox 596 1788 749 1824; x_wconf 88' lang='lat' dir='ltr'>autem</span> <span class='ocrx_word' id='word_1_149' title='bbox 796 1781 1056 1824; x_wconf 83' lang='lat' dir='ltr'>Ghazelam</span> <span class='ocrx_word' id='word_1_150' title='bbox 1100 1783 1144 1824; x_wconf 86' lang='lat' dir='ltr'>in</span> <span class='ocrx_word' id='word_1_151' title='bbox 1191 1782 1379 1825; x_wconf 88' lang='lat' dir='ltr'>laudem</span> <span class='ocrx_word' id='word_1_152' title='bbox 1423 1782 1602 1826; x_wconf 88' lang='lat' dir='ltr'>Sultaui</span> 
     </span>
     <span class='ocr_line' id='line_1_21' title="bbox 97 1863 1393 1922; baseline -0.002 -15"><span class='ocrx_word' id='word_1_153' title='bbox 97 1863 312 1919; x_wconf 84' lang='lat' dir='ltr'>Ahmed,</span> <span class='ocrx_word' id='word_1_154' title='bbox 347 1879 484 1921; x_wconf 89' lang='lat' dir='ltr'>quam</span> <span class='ocrx_word' id='word_1_155' title='bbox 524 1863 830 1922; x_wconf 85' lang='lat' dir='ltr'>Bagdadum,</span> <span class='ocrx_word' id='word_1_156' title='bbox 865 1863 1020 1905; x_wconf 83' lang='lat' dir='ltr'>sedem</span> <span class='ocrx_word' id='word_1_157' title='bbox 1056 1865 1204 1921; x_wconf 87' lang='lat' dir='ltr'>pacis,</span> <span class='ocrx_word' id='word_1_158' title='bbox 1245 1864 1393 1905; x_wconf 84' lang='lat' dir='ltr'>misit:</span> 
     </span>
    </p>
   </div>
   <div class='ocr_carea' id='block_1_6' title="bbox 707 1998 993 2042">
    <p class='ocr_par' dir='ltr' id='par_1_6' title="bbox 707 1998 993 2042">
     <span class='ocr_line' id='line_1_22' title="bbox 707 1998 993 2042; baseline -0.003 0"><span class='ocrx_word' id='word_1_159' title='bbox 707 1998 993 2042; x_wconf 83' lang='lat' dir='ltr'>Ghazela.</span> 
     </span>
    </p>
   </div>
   <div class='ocr_carea' id='block_1_7' title="bbox 93 2094 1601 2475">
    <p class='ocr_par' dir='ltr' id='par_1_7' title="bbox 93 2094 1601 2475">
     <span class='ocr_line' id='line_1_23' title="bbox 227 2094 1601 2154; baseline -0.003 -16"><span class='ocrx_word' id='word_1_160' title='bbox 227 2096 420 2151; x_wconf 89' lang='lat' dir='ltr'>„Laudo</span> <span class='ocrx_word' id='word_1_161' title='bbox 447 2096 586 2138; x_wconf 88' lang='lat' dir='ltr'>deum</span> <span class='ocrx_word' id='word_1_162' title='bbox 618 2103 811 2154; x_wconf 84' lang='lat' dir='ltr'>propter</span> <span class='ocrx_word' id='word_1_163' title='bbox 842 2096 1059 2137; x_wconf 84' lang='lat' dir='ltr'>iustitiam</span> <span class='ocrx_word' id='word_1_164' title='bbox 1088 2094 1266 2138; x_wconf 81' lang='lat' dir='ltr'>Sultani</span> <span class='ocrx_word' id='word_1_165' title='bbox 1298 2095 1509 2142; x_wconf 72' lang='lat' dir='ltr'>Alimed,</span> <span class='ocrx_word' id='word_1_166' title='bbox 1546 2096 1601 2135; x_wconf 55' lang='lat' dir='ltr'>fi„</span> 
     </span>
     <span class='ocr_line' id='line_1_24' title="bbox 94 2172 1599 2233; baseline -0.001 -14"><span class='ocrx_word' id='word_1_167' title='bbox 94 2177 173 2232; x_wconf 91' lang='lat' dir='ltr'>„lii</span> <span class='ocrx_word' id='word_1_168' title='bbox 214 2175 433 2219; x_wconf 87' lang='lat' dir='ltr'>Scheichi</span> <span class='ocrx_word' id='word_1_169' title='bbox 475 2175 643 2229; x_wconf 65' lang='lat' dir='ltr'>omis,</span> <span class='ocrx_word' id='word_1_170' title='bbox 690 2177 773 2218; x_wconf 82' lang='lat' dir='ltr'>filii</span> <span class='ocrx_word' id='word_1_171' title='bbox 813 2175 965 2217; x_wconf 84' lang='lat' dir='ltr'>Hasan</span> <span class='ocrx_word' id='word_1_172' title='bbox 1010 2175 1279 2219; x_wconf 80' lang='lat' dir='ltr'>llclninidae</span> <span class='ocrx_word' id='word_1_173' title='bbox 1305 2172 1404 2229; x_wconf 49' lang='grc' dir='ltr'>1ὅ),</span> <span class='ocrx_word' id='word_1_174' title='bbox 1453 2176 1599 2233; x_wconf 71' lang='lat' dir='ltr'>regis.</span> 
     </span>
     <span class='ocr_line' id='line_1_25' title="bbox 93 2256 1597 2315; baseline -0.003 -15"><span class='ocrx_word' id='word_1_175' title='bbox 93 2258 208 2312; x_wconf 83' lang='lat' dir='ltr'>„filii</span> <span class='ocrx_word' id='word_1_176' title='bbox 245 2258 395 2315; x_wconf 85' lang='lat' dir='ltr'>regis,</span> <span class='ocrx_word' id='word_1_177' title='bbox 432 2258 749 2314; x_wconf 81' lang='lat' dir='ltr'>imperatoris,</span> <span class='ocrx_word' id='word_1_178' title='bbox 784 2257 1079 2314; x_wconf 83' lang='lat' dir='ltr'>imperatoria</span> <span class='ocrx_word' id='word_1_179' title='bbox 1121 2256 1263 2314; x_wconf 85' lang='lat' dir='ltr'>stirpe</span> <span class='ocrx_word' id='word_1_180' title='bbox 1307 2257 1424 2309; x_wconf 88' lang='lat' dir='ltr'>orti,</span> <span class='ocrx_word' id='word_1_181' title='bbox 1461 2270 1597 2312; x_wconf 87' lang='lat' dir='ltr'>quam</span> 
     </span>
     <span class='ocr_line' id='line_1_26' title="bbox 95 2336 1595 2394; baseline -0.002 -14"><span class='ocrx_word' id='word_1_182' title='bbox 95 2338 320 2393; x_wconf 85' lang='lat' dir='ltr'>„animam</span> <span class='ocrx_word' id='word_1_183' title='bbox 353 2338 512 2379; x_wconf 90' lang='lat' dir='ltr'>mundi</span> <span class='ocrx_word' id='word_1_184' title='bbox 545 2339 784 2394; x_wconf 82' lang='lat' dir='ltr'>appellare</span> <span class='ocrx_word' id='word_1_185' title='bbox 813 2338 1038 2378; x_wconf 68' lang='lat' dir='ltr'>convenit.</span> <span class='ocrx_word' id='word_1_186' title='bbox 1092 2336 1140 2377; x_wconf 75' lang='lat' dir='ltr'>Si</span> <span class='ocrx_word' id='word_1_187' title='bbox 1176 2337 1282 2378; x_wconf 86' lang='lat' dir='ltr'>luna</span> <span class='ocrx_word' id='word_1_188' title='bbox 1319 2352 1403 2379; x_wconf 88' lang='lat' dir='ltr'>una</span> <span class='ocrx_word' id='word_1_189' title='bbox 1442 2344 1595 2379; x_wconf 84' lang='lat' dir='ltr'>tecum</span> 
     </span>
     <span class='ocr_line' id='line_1_27' title="bbox 94 2416 1594 2475; baseline -0.001 -14"><span class='ocrx_word' id='word_1_190' title='bbox 94 2424 223 2473; x_wconf 86' lang='lat' dir='ltr'>„orta</span> <span class='ocrx_word' id='word_1_191' title='bbox 260 2419 444 2471; x_wconf 86' lang='lat' dir='ltr'>suisset,</span> <span class='ocrx_word' id='word_1_192' title='bbox 494 2418 867 2469; x_wconf 73' lang='lat' dir='ltr'>(Mohammed)</span> <span class='ocrx_word' id='word_1_193' title='bbox 913 2418 1039 2458; x_wconf 88' lang='lat' dir='ltr'>illam</span> <span class='ocrx_word' id='word_1_194' title='bbox 1082 2417 1125 2458; x_wconf 84' lang='lat' dir='ltr'>in</span> <span class='ocrx_word' id='word_1_195' title='bbox 1166 2416 1278 2459; x_wconf 85' lang='lat' dir='ltr'>duas</span> <span class='ocrx_word' id='word_1_196' title='bbox 1319 2424 1472 2475; x_wconf 80' lang='lat' dir='ltr'>partes</span> <span class='ocrx_word' id='word_1_197' title='bbox 1507 2432 1594 2459; x_wconf 88' lang='lat' dir='ltr'>non</span> 
     </span>
    </p>
   </div>
   <div class='ocr_carea' id='block_1_8' title="bbox 1625 1630 1676 1669">
    <p class='ocr_par' dir='ltr' id='par_1_8' title="bbox 1625 1630 1676 1669">
     <span class='ocr_line' id='line_1_28' title="bbox 1625 1630 1676 1669; baseline -0.039 0"><span class='ocrx_word' id='word_1_198' title='bbox 1625 1630 1676 1669; x_wconf 80' lang='lat'>10</span> 
     </span>
    </p>
   </div>
   <div class='ocr_carea' id='block_1_9' title="bbox 93 2494 1656 2554">
    <p class='ocr_par' dir='ltr' id='par_1_9' title="bbox 93 2494 1656 2554">
     <span class='ocr_line' id='line_1_29' title="bbox 93 2494 1656 2554; baseline 0.001 -13"><span class='ocrx_word' id='word_1_199' title='bbox 93 2494 428 2553; x_wconf 72' lang='lat' dir='ltr'>‚,fi‹lissct‘1⁶);</span> <span class='ocrx_word' id='word_1_200' title='bbox 476 2504 525 2540; x_wconf 88' lang='lat' dir='ltr'>tu</span> <span class='ocrx_word' id='word_1_201' title='bbox 574 2499 723 2548; x_wconf 65' lang='lat' dir='ltr'>(enim</span> <span class='ocrx_word' id='word_1_202' title='bbox 767 2498 896 2554; x_wconf 79' lang='lat' dir='ltr'>ipse)</span> <span class='ocrx_word' id='word_1_203' title='bbox 941 2497 1283 2541; x_wconf 84' lang='lat' dir='ltr'>Mohammcdis</span> <span class='ocrx_word' id='word_1_204' title='bbox 1320 2500 1656 2542; x_wconf 75' lang='lat' dir='ltr'>miraculnml!</span> 
     </span>
    </p>
   </div>
   <div class='ocr_carea' id='block_1_10' title="bbox 90 2578 1593 2799">
    <p class='ocr_par' dir='ltr' id='par_1_10' title="bbox 90 2578 1593 2799">
     <span class='ocr_line' id='line_1_30' title="bbox 94 2578 1593 2636; baseline -0.001 -14"><span class='ocrx_word' id='word_1_205' title='bbox 94 2594 170 2634; x_wconf 86' lang='lat' dir='ltr'>„es</span> <span class='ocrx_word' id='word_1_206' title='bbox 211 2585 257 2622; x_wconf 85' lang='lat' dir='ltr'>et</span> <span class='ocrx_word' id='word_1_207' title='bbox 293 2580 443 2636; x_wconf 79' lang='lat' dir='ltr'>gratia</span> <span class='ocrx_word' id='word_1_208' title='bbox 486 2579 651 2620; x_wconf 88' lang='lat' dir='ltr'>divina.</span> <span class='ocrx_word' id='word_1_209' title='bbox 723 2578 919 2619; x_wconf 75' lang='lat' dir='ltr'>Generis</span> <span class='ocrx_word' id='word_1_210' title='bbox 954 2578 1195 2627; x_wconf 78' lang='lat' dir='ltr'>nobilitas,</span> <span class='ocrx_word' id='word_1_211' title='bbox 1236 2581 1513 2635; x_wconf 71' lang='lat' dir='ltr'>praestantia</span> <span class='ocrx_word' id='word_1_212' title='bbox 1548 2588 1593 2621; x_wconf 87' lang='lat' dir='ltr'>ct</span> 
     </span>
     <span class='ocr_line' id='line_1_31' title="bbox 90 2658 1592 2715; baseline 0.001 -15"><span class='ocrx_word' id='word_1_213' title='bbox 90 2658 362 2715; x_wconf 87' lang='lat' dir='ltr'>„hominum</span> <span class='ocrx_word' id='word_1_214' title='bbox 396 2660 523 2700; x_wconf 82' lang='lat' dir='ltr'>favor</span> <span class='ocrx_word' id='word_1_215' title='bbox 557 2659 640 2700; x_wconf 89' lang='lat' dir='ltr'>tibi</span> <span class='ocrx_word' id='word_1_216' title='bbox 673 2658 928 2709; x_wconf 75' lang='lat' dir='ltr'>debentur3</span> <span class='ocrx_word' id='word_1_217' title='bbox 962 2659 1126 2715; x_wconf 88' lang='lat' dir='ltr'>procul</span> <span class='ocrx_word' id='word_1_218' title='bbox 1161 2659 1278 2701; x_wconf 74' lang='lat' dir='ltr'>absit</span> <span class='ocrx_word' id='word_1_219' title='bbox 1305 2662 1463 2702; x_wconf 64' lang='lat' dir='ltr'>«mulus</span> <span class='ocrx_word' id='word_1_220' title='bbox 1494 2676 1592 2702; x_wconf 75' lang='lat' dir='ltr'>ma-</span> 
     </span>
     <span class='ocr_line' id='line_1_32' title="bbox 95 2737 1592 2799; baseline -0.001 -17"><span class='ocrx_word' id='word_1_221' title='bbox 95 2740 295 2799; x_wconf 85' lang='lat' dir='ltr'>„lignus,</span> <span class='ocrx_word' id='word_1_222' title='bbox 335 2746 383 2782; x_wconf 87' lang='lat' dir='ltr'>tu</span> <span class='ocrx_word' id='word_1_223' title='bbox 413 2740 532 2781; x_wconf 83' lang='lat' dir='ltr'>enim</span> <span class='ocrx_word' id='word_1_224' title='bbox 566 2741 660 2796; x_wconf 79' lang='lat' dir='ltr'>ipsc</span> <span class='ocrx_word' id='word_1_225' title='bbox 692 2754 738 2779; x_wconf 81' lang='lat' dir='ltr'>cs</span> <span class='ocrx_word' id='word_1_226' title='bbox 768 2739 917 2780; x_wconf 82' lang='lat' dir='ltr'>anima</span> <span class='ocrx_word' id='word_1_227' title='bbox 947 2737 1173 2793; x_wconf 85' lang='lat' dir='ltr'>(mundi)</span> <span class='ocrx_word' id='word_1_228' title='bbox 1207 2747 1253 2782; x_wconf 70' lang='lat' dir='ltr'>ct</span> <span class='ocrx_word' id='word_1_229' title='bbox 1284 2741 1492 2783; x_wconf 60' lang='lat' dir='ltr'>‹lilvctnsx</span> <span class='ocrx_word' id='word_1_230' title='bbox 1555 2742 1592 2781; x_wconf 63' lang='lat' dir='ltr'>ld</span> 
     </span>
    </p>
   </div>
   <div class='ocr_carea' id='block_1_11' title="bbox 96 2819 1570 2879">
    <p class='ocr_par' dir='ltr' id='par_1_11' title="bbox 96 2819 1570 2879">
     <span class='ocr_line' id='line_1_33' title="bbox 96 2819 1570 2879; baseline 0.001 -18"><span class='ocrx_word' id='word_1_231' title='bbox 96 2834 227 2873; x_wconf 77' lang='lat' dir='ltr'>„rosa</span> <span class='ocrx_word' id='word_1_232' title='bbox 265 2820 448 2863; x_wconf 81' lang='lat' dir='ltr'>Pcrsiae</span> <span class='ocrx_word' id='word_1_233' title='bbox 487 2821 607 2862; x_wconf 69' lang='lat' dir='ltr'>vitat·</span> <span class='ocrx_word' id='word_1_234' title='bbox 646 2835 773 2862; x_wconf 73' lang='lat' dir='ltr'>meac</span> <span class='ocrx_word' id='word_1_235' title='bbox 812 2821 893 2861; x_wconf 76' lang='lat' dir='ltr'>llos</span> <span class='ocrx_word' id='word_1_236' title='bbox 930 2835 1017 2861; x_wconf 87' lang='lat' dir='ltr'>non</span> <span class='ocrx_word' id='word_1_237' title='bbox 1055 2819 1289 2869; x_wconf 68' lang='lat' dir='ltr'>cl&#39;ssoruit2</span> <span class='ocrx_word' id='word_1_238' title='bbox 1321 2838 1437 2879; x_wconf 63' lang='lat' dir='ltr'>cuge.</span> <span class='ocrx_word' id='word_1_239' title='bbox 1474 2822 1570 2875; x_wconf 61' lang='lat' dir='ltr'>Bag·</span> 
     </span>
    </p>
   </div>
  </div>
 </body>
</html>
