1836 3129
805 157 864 199 11

82 272 191 312 facto
219 272 262 311 in
292 272 492 311 Divanum
523 273 668 311 ordine
696 273 951 325 alphabetico
981 275 1243 321 inseruntur3
1283 276 1390 326 quod
1420 289 1510 315 raro
1541 278 1587 315 fit

83 341 250 376 auctore
278 337 414 376 adhuc
441 338 689 390 superstite,
731 338 924 388 quamdiu
959 352 1052 390 spes
1087 340 1218 391 aliqua
1248 341 1415 379 subesse
1449 345 1586 393 potest

83 403 179 442 novi
207 403 466 441 incrementi.
523 403 711 441 Carmina
740 403 873 441 Hatizi
913 405 954 442 in
986 417 1110 442 unum
1141 406 1331 444 volumen
1362 418 1434 444 seu
1465 406 1584 444 Diva-

82 480 180 508 uum
209 467 378 506 collecta
408 467 608 507 Ghazelas
635 468 717 506 569
745 468 913 506 circiter
944 470 1302 519 comprehendunt
1330 471 1451 509 variis
1480 475 1585 509 tem-

83 532 252 584 poribus
280 532 546 584 compositas,
583 532 661 571 etsi
689 532 861 570 arduum
892 532 946 570 sit
975 546 1114 572 earum
1154 547 1369 572 numerum
1397 541 1585 574 accurate

85 597 261 637 definire
301 598 351 637 ob
389 610 587 636 sum-am
626 598 809 636 omnium
847 597 1034 637 codicum
1072 599 1429 652 discrepantiam.“
1487 600 1585 640 Vid.

84 663 264 715 Specim.
292 674 405 714 poes.
435 675 543 715 pers.
572 675 613 714 p.
641 662 805 703 XLVll.

146 737 217 786 ¹⁰)
246 738 372 778 Poeta
399 739 535 790 graeci
570 739 735 790 imperii
775 739 987 778 interitum
1018 745 1060 778 et
1090 740 1300 791 dynastiae
1330 742 1587 793 Kajanorum,

85 804 157 857 qui
194 804 237 843 in
277 803 419 842 Persia
455 804 702 855 regnabant,
746 805 868 843 finem
914 805 992 843 hoc
1030 818 1151 844 versu
1189 807 1422 858 significans
1461 807 1588 846 dicit:

86 869 298 922 „Tempus
326 869 582 921 splendidam
613 869 907 921 imperatorum
938 874 1094 909 vestem
1125 871 1231 909 vidit
1259 872 1516 911 obsolescere
1546 877 1589 911 et

86 948 261 987 „regum
290 948 314 974 e
342 934 527 986 dynastia
555 933 799 985 Kajanorum
830 935 1017 974 diadema
1047 938 1335 975 evanescere“.

147 1008 223 1058 ¹¹]
251 1011 398 1051 Hdtz'm
431 1010 530 1061 Taj,
568 1022 591 1048 e
618 1010 797 1063 Tajjitis,
825 1012 935 1050 tribu
962 1012 1133 1058 arabica,
1168 1016 1300 1059 ortus,
1342 1013 1404 1051 vir
1431 1013 1512 1052 fuit
1540 1014 1590 1052 li-

87 1077 314 1118 beralitatis
352 1075 474 1114 laude
514 1076 754 1114 immortalis
794 1089 921 1127 eaque
961 1077 1013 1115 de
1052 1089 1169 1116 causa
1207 1078 1249 1115 in
1280 1078 1450 1116 Oriente
1479 1090 1590 1117 sum-

89 1156 179 1182 mae
206 1142 464 1181 liberalitatis
493 1142 701 1192 exemplar
728 1141 915 1179 hahetur.
957 1142 1053 1181 Vid.
1070 1142 1300 1181 Abulfedae
1316 1143 1412 1181 hist.
1429 1144 1589 1182 anteisl.

89 1222 130 1262 p.
148 1200 245 1247 188.
276 1205 342 1245 ed.
368 1206 598 1245 Fleischeri
623 1211 665 1245 et
690 1206 889 1246 Herbelot
911 1207 1014 1245 Bibl.
1043 1220 1103 1246 or.
1136 1220 1167 1245 s.
1198 1220 1234 1245 v.
1265 1207 1421 1246 Hatem
1444 1209 1534 1247 Taz‘.

148 1281 218 1330 ¹²)
239 1282 295 1322 'ld
325 1287 411 1331 est,
449 1295 500 1320 nc
529 1282 725 1321 avaritiae
753 1294 991 1321 accusemur
1021 1288 1063 1322 et
1101 1284 1264 1322 nomina
1293 1289 1430 1323 nostra
1459 1285 1500 1324 in
1531 1285 1593 1325 in-

91 1349 225 1389 dicem
254 1360 466 1387 avarorum
497 1346 742 1386 referantur.

150 1423 218 1470 ¹3)
247 1423 312 1464 Cf.
342 1424 594 1464 Geschichte
621 1424 696 1463 der
725 1423 1006 1464 Scldschuken
1039 1436 1078 1475 p.
1107 1424 1173 1462 11.
1205 1429 1289 1464 not.
1316 1426 1368 1464 13
1399 1429 1439 1464 et
1470 1439 1509 1478 p.
1540 1425 1591 1464 12

91 1494 176 1531 not.
204 1489 271 1529 16.

151 1563 222 1613 ¹4]
249 1565 311 1605 Eo
341 1563 532 1603 nimirum
563 1564 758 1614 consilio,
797 1571 841 1604 ut
879 1565 928 1604 ad
965 1566 1282 1606 renuntiandum
1322 1568 1434 1606 hisce
1472 1568 1593 1607 rebus

91 1645 158 1672 me
185 1630 452 1671 adducerent.

151 1706 223 1754 ¹⁵)
251 1706 560 1746 Ilchclm‘darum
581 1706 779 1756 dynastia,
801 1706 979 1757 Mogolis
1004 1720 1026 1744 c
1046 1707 1210 1744 Persico
1235 1707 1410 1756 imperio
1435 1707 1592 1755 eiectis,

92 1787 155 1813 an.
170 1771 319 1812 uffa?
339 1771 577 1817 (culam)
602 1784 624 1809 a
645 1770 822 1810 Scheicli
844 1773 976 1810 llasan
999 1772 1222 1821 Dschalajir
1249 1773 1407 1810 Buzurk
1430 1772 1594 1810 condita

94 1842 179 1887 est,
220 1841 263 1877 et
297 1835 557 1887 septuaginta
585 1848 656 1874 sex
691 1849 816 1874 annos
854 1836 895 1874 in
928 1836 1099 1874 Arabiae
1128 1837 1335 1887 provincia
1365 1838 1451 1876 Irac
1481 1841 1522 1875 et
1553 1838 1593 1875 in

92 1903 423 1944 Adserbidschan
459 1903 678 1954 imperium
714 1902 861 1940 tenuit.
914 1901 1045 1939 nasan
1076 1906 1117 1939 et
1149 1903 1217 1952 qui
1250 1915 1342 1940 cnm
1371 1903 1593 1952 sequeban-

94 1973 164 2008 tur
201 1969 362 2008 Sultani
390 1968 594 2016 Oveisa),
631 1967 785 2006 llosein
817 1971 859 2004 et
887 1966 1047 2004 Ahmed
1079 1967 1120 2004 in
1152 1967 1252 2005 urbe
1282 1967 1447 2017 Bagdad
1477 1967 1596 2017 regni

95 2034 234 2074 sedem
264 2034 586 2080 constituerant,
618 2032 747 2071 donec
775 2031 938 2069 tandem
971 2031 1159 2081 Bagdado
1189 2045 1210 2070 a
1240 2032 1410 2071 'l'imuro
1441 2045 1595 2083 expug—

97 2104 191 2139 nato
230 2103 272 2138 et
309 2098 478 2138 Sultano
508 2097 669 2137 Ahmed
708 2110 729 2134 a
767 2096 1088 2135 'l‘urcmanornm
1133 2097 1318 2148 principe
1347 2098 1448 2136 Cara
1474 2097 1599 2135 Jusus

97 2165 242 2213 occiso,
272 2163 573 2203 llchaiiidarnm
602 2162 755 2201 familia
784 2162 981 2200 exstincta
1011 2167 1085 2200 est.
1135 2163 1230 2202 Vid.
1262 2163 1460 2201 llcrbelot
1490 2162 1595 2200 Bibl.

98 2243 158 2270 or.
198 2242 229 2268 s.
259 2242 297 2268 v.
340 2229 481 2267 llldmn
520 2232 564 2267 et
603 2228 836 2278 Deguignes
867 2227 1016 2266 (iesch.
1048 2228 1123 2266 dcr
1152 2229 1354 2275 Ilunncn,
1397 2233 1493 2267 tom.
1524 2227 1594 2265 lll.

99 2309 139 2347 p.
168 2295 250 2334 310
278 2307 362 2345 seq.
394 2298 437 2332 et
465 2297 563 2332 tom.
592 2293 643 2333 V.
675 2305 714 2343 p.
743 2292 824 2330 343
854 2296 895 2329 ct
923 2293 1016 2331 3⁴4.

160 2370 230 2417 ¹⁶)
266 2370 391 2410 Poeta
430 2369 481 2407 ad
519 2369 638 2407 lunae
678 2368 909 2415 iissionem,
953 2369 1216 2415 miraculum,
1260 2370 1367 2420 quod
1407 2369 1593 2407 Moham-

101 2437 219 2484 med,
252 2439 296 2474 ut
329 2436 508 2486 legatum
539 2433 607 2471 dei
636 2446 681 2472 sc
710 2446 799 2472 csse
830 2434 1041 2484 probaret,
1072 2434 1251 2473 edidisse
1281 2434 1507 2481 dicim-b),
1538 2435 1591 2470 al-

99 2503 268 2550 ludens,
317 2500 441 2539 dicit:
490 2499 552 2547 „si
592 2499 687 2537 luna
724 2502 818 2536 ante
855 2499 1067 2537 Sullanum
1112 2500 1272 2537 Ahmcd
1316 2504 1452 2538 natum
1494 2512 1592 2536 now

98 2568 224 2617 „dum
255 2565 484 2611 extitisset,
526 2576 605 2602 non
635 2565 819 2615 oportuit
849 2564 1204 2611 Moliammedem,
1253 2579 1331 2614 quo
1360 2566 1593 2603 missionem

99 2645 238 2682 „suam
269 2631 446 2670 divinam
476 2631 692 2681 probaret,
727 2630 862 2667 lunam
891 2630 932 2667 in
964 2630 1062 2669 duas
1091 2636 1226 2682 partes
1257 2631 1437 2678 findere,
1469 2642 1593 2679 quum

147 2765 184 2806 u)
209 2766 284 2797 Nou
311 2765 418 2806 Awis,
446 2771 479 2797 ut
504 2767 559 2797 ulii
585 2765 668 2796 salso
696 2768 925 2806 pronuntiant.

146 2828 180 2869 b)
205 2820 358 2859 cfssur.
384 2829 462 2860 le
488 2833 522 2860 et
547 2829 695 2868 Gaguier
722 2829 773 2859 vie
799 2829 841 2859 de
867 2830 1038 2860 Mnhomet
1068 2838 1142 2869 cap.
1173 2834 1222 2861 19.
